1855 3088
576 109 1058 153 ASTRONOMICON
1089 110 1129 152 V
1589 112 1614 150 9

303 222 376 263 sed
395 222 571 263 decuma
591 222 731 263 lateris
751 237 922 277 surgens
941 223 993 263 de
1012 227 1133 277 parte
1153 222 1309 263 sinistri

249 296 459 337 maximus
480 296 607 338 Orion
626 311 910 351 magnumque
930 297 1147 351 amplexus
1169 296 1410 350 Olympum,

250 384 333 425 quo
352 370 538 425 fulgente
558 385 682 424 super
700 376 832 411 terras
853 371 1097 425 caelumque
1116 371 1312 411 trahente

152 451 196 482 60
250 444 452 485 ementita
471 444 583 485 diem
602 444 740 498 nigras
760 459 844 485 nox
864 445 1077 485 contrahit
1097 445 1196 494 alas,

250 518 426 559 sollertis
446 519 619 568 animos,
641 519 800 560 uelocia
820 533 994 573 corpora
1013 519 1143 572 finget

250 597 378 647 atque
397 592 548 647 agilem
567 592 701 633 officio
721 597 907 633 mentem
927 607 1130 647 curasque
1150 607 1224 646 per
1243 592 1378 633 omm's

248 666 502 707 indelassato
522 667 791 721 properantia
811 667 937 708 corda
956 667 1110 721 uigore.

248 740 381 781 instar
400 740 478 781 erit
497 741 642 795 popuii
661 746 838 795 totaque
857 740 1072 781 habitabit
1090 741 1134 781 in
1153 740 1255 781 urbe

151 821 193 851 65
248 814 392 855 limina
411 815 669 869 peruolitans
688 829 903 869 unumque
923 829 996 869 per
1016 815 1157 856 omnia
1176 814 1353 856 uerbum

88 976 148 1007 per
177 977 283 998 naues
314 967 496 1004 onerarias,
526 970 632 1008 prout
662 967 785 1008 cuique
814 967 907 1008 parti
936 967 984 998 eis
1014 977 1101 1009 opus
1131 967 1206 998 est’
1239 967 1513 1008 Wageningenus

133 1023 240 1054 57-66
264 1031 343 1052 cum
366 1021 499 1052 decima
522 1021 648 1052 Arietis
671 1024 770 1062 parte
794 1022 903 1052 oritur
928 1021 1042 1053 Orion.
1091 1032 1133 1052 ne
1157 1022 1221 1053 hoc
1245 1021 1385 1062 quidem
1410 1024 1472 1052 aut
1496 1031 1617 1051 uerum

87 1074 150 1102 aut
180 1072 396 1103 mediocriter
425 1072 552 1104 falsum
581 1075 645 1109 est,
673 1083 785 1113 neque
815 1073 907 1104 enim
937 1071 1010 1103 fieri
1036 1073 1153 1114 potuit
1180 1076 1221 1104 ut
1250 1073 1355 1104 Orion
1382 1083 1461 1103 cum
1488 1072 1616 1107 Ariete,

87 1122 240 1163 Iugulae,
263 1126 304 1154 ut
326 1125 389 1155 174
409 1133 460 1164 sq.
483 1124 656 1161 docemur,
679 1134 758 1155 cum
780 1124 910 1156 Cancro
931 1127 1118 1165 surgerent.
1167 1126 1320 1155 ceterum
1342 1124 1446 1154 miror
1468 1123 1617 1154 Bollium

85 1174 219 1214 sphaer.
243 1185 300 1215 pp.
325 1175 389 1206 385
411 1185 461 1216 sq.
486 1175 552 1206 huc
575 1186 645 1206 non
666 1175 839 1206 rettulisse
861 1175 955 1215 quod
977 1186 1010 1216 p.
1035 1177 1077 1206 57
1099 1186 1141 1206 ex
1165 1175 1238 1206 cod.
1263 1175 1396 1206 Monac.
1421 1176 1484 1206 287
1508 1175 1617 1205 edidit

87 1227 121 1256 ἐν
138 1225 224 1266 Κριῷ
241 1227 506 1266 (παρανατέλλει)
525 1227 540 1257 ὁ
556 1229 671 1267 Σύριοσ
686 1229 800 1263 ἰ’πποσ,
814 1227 849 1257 id
861 1229 914 1257 est
924 1227 1053 1267 Ὄσιρισ
1068 1229 1191 1263 ὕπτιοσ,
1205 1236 1309 1266 quem
1328 1226 1334 1238 ‘
1347 1226 1460 1257 nichts
1475 1226 1618 1257 anderes

86 1275 135 1307 als
154 1276 214 1307 der
233 1277 433 1317 agyptische
454 1277 681 1308 Osiris-Orion
696 1277 703 1290 ’
724 1287 796 1308 esse
815 1277 899 1308 dicit
917 1288 949 1318 p.
973 1278 1034 1308 165
1127 1280 1168 1311 57
1186 1277 1318 1308 decima
1335 1277 1449 1308 lateris
1469 1277 1617 1307 Firmico

85 1327 172 1358 duce
194 1327 373 1359 Reinesius
394 1328 430 1359 in
452 1327 613 1369 Scaligeri
633 1328 686 1359 ed.
710 1329 729 1359 3
752 1339 784 1369 p.
812 1329 862 1365 19,
885 1328 925 1360 ds
946 1328 1118 1360 malateris
1140 1331 1180 1359 ut
1202 1329 1341 1359 uidetur
1362 1328 1398 1366 L,
1421 1328 1503 1359 deus
1525 1327 1618 1358 mala

84 1378 182 1410 terris
196 1378 243 1417 M,
259 1388 395 1411 summa
408 1379 523 1411 lateris
538 1379 618 1418 GL2,
634 1390 701 1410 om.
719 1379 792 1410 cod.
810 1379 973 1410 Venetus.
1012 1379 1116 1410 Firm.
1134 1388 1201 1410 VIII
1217 1381 1236 1410 6
1252 1381 1271 1410 2
1288 1379 1325 1410 in
1339 1379 1466 1410 Arietis
1480 1379 1617 1410 sinistro

85 1429 182 1461 latere
199 1430 303 1461 oritur
320 1430 434 1467 Orion,
452 1430 490 1461 in
504 1434 599 1470 parte
615 1430 742 1461 Arietis
758 1430 880 1461 scilicet
897 1435 938 1462 X.
981 1430 1087 1461 uerba
1104 1434 1228 1471 poetae
1244 1434 1381 1472 praeter
1397 1430 1616 1461 mendacium

85 1481 169 1512 satis
198 1482 321 1512 miram
349 1481 481 1513 habent
511 1481 730 1518 breuitatem,
760 1481 838 1513 uult
866 1482 958 1512 enim
989 1482 1117 1513 Oriona
1144 1492 1223 1513 cum
1252 1482 1385 1512 decima
1415 1485 1514 1522 parte
1543 1482 1616 1512 siue

85 1535 177 1573 μοίρᾳ
191 1532 316 1564 Arietis
331 1533 421 1570 oriri,
437 1533 479 1563 de
493 1533 623 1564 sinistri
635 1532 752 1564 lateris
766 1536 876 1574 parte,
892 1533 956 1564 hoc
971 1536 1024 1564 est
1038 1533 1173 1573 regione
1187 1545 1193 1564 :
1223 1533 1301 1564 uide
1314 1535 1379 1564 504
1392 1543 1441 1573 sq.
1458 1532 1619 1572 Cassiope

84 1583 134 1614 bis
149 1583 243 1614 denis
256 1584 409 1624 partibus
424 1584 506 1615 actis
528 1582 531 1626 Ι
551 1584 703 1624 aequorei
718 1584 853 1615 iuuenis
869 1583 980 1615 dextra
996 1583 1034 1614 de
1047 1587 1142 1624 parte
1157 1585 1296 1624 resurqz't
1388 1586 1429 1617 58
1444 1584 1618 1623 amplexus

86 1634 265 1675 Olympum
284 1635 538 1671 circumeundo,
558 1638 682 1676 utpote
701 1635 735 1666 in
755 1638 953 1676 aequatore,
974 1635 1034 1675 qui
1053 1635 1180 1675 inqenti
1197 1646 1293 1675 spera
1314 1639 1416 1666 totum
1432 1634 1618 1674 praeciizqit

86 1685 264 1726 Olympum
287 1694 301 1716 1
324 1687 399 1723 576,
424 1685 622 1723 collocatus,
647 1696 716 1726 qua
740 1686 782 1717 de
805 1696 840 1717 re
864 1686 936 1717 dixi
957 1686 1001 1717 ad
1021 1695 1035 1716 1
1054 1687 1118 1718 395
1139 1689 1175 1717 et
1195 1688 1268 1718 505.
1318 1686 1418 1717 Drae.
1441 1686 1530 1716 Med.
1553 1686 1618 1717 495

84 1737 186 1768 roseis
210 1737 258 1768 sol
283 1737 446 1768 mundum
470 1737 642 1777 amplexus
667 1737 814 1773 habenis,
841 1737 960 1768 Claud.
987 1745 1000 1768 1
1027 1739 1041 1768 1
1069 1737 1118 1768 sol
1135 1761 1142 1768 .
1162 1761 1169 1768 .
1189 1737 1430 1778 ‚flammiyeris
1455 1736 1619 1767 mundum

85 1788 272 1828 complexu-3
295 1788 441 1825 habenis,
466 1788 575 1819 Rutil.
599 1789 701 1819 Nam.
727 1797 740 1819 1
763 1790 804 1819 57
828 1788 886 1828 qui
908 1789 1050 1819 continet
1072 1799 1145 1819 omn
1154 1789 1186 1819 ia
1209 1788 1370 1825 Phoebus,
1395 1788 1484 1820 Stat.
1509 1787 1617 1819 Theb.

86 1848 129 1870 111
147 1841 211 1871 504
231 1840 298 1871 ales
314 1863 322 1871 .
341 1864 348 1871 .
368 1863 375 1870 .
392 1839 508 1879 polum
526 1839 695 1879 complexa
714 1843 833 1876 meatu,
853 1840 935 1871 Luc.
957 1848 969 1870 1
988 1841 1052 1870 572
1071 1839 1183 1870 urbem
1201 1839 1347 1879 cinqebai'
1368 1839 1504 1880 Erinys.
1553 1839 1618 1870 hoc

85 1891 162 1922 ideo
190 1894 480 1922 commemoratur
506 1891 588 1931 quia
614 1891 662 1922 sic
693 1891 797 1932 positi
829 1890 963 1922 Orionis
994 1891 1195 1927 necessario,
1224 1894 1264 1922 ut
1294 1891 1431 1928 Arietis,
1461 1892 1618 1922 θοώταταί

87 1944 147 1973 εἰσι
173 1944 325 1979 κέλευθοι,
354 1940 359 1985 Ι
387 1944 424 1974 ὅσ
449 1944 488 1982 ρά
513 1955 549 1973 τε
574 1945 626 1973 καὶ
652 1944 792 1980 μήκιστα
821 1944 1011 1979 διωκόμενοσ
1036 1944 1107 1982 περὶ
1131 1945 1231 1973 κύκλα
1259 1940 1263 1985 1
1292 1944 1378 1973 οὐδὲν
1406 1944 1619 1983 ἀφαυρότερον

86 1996 215 2034 τροχάει
248 1995 484 2034 Κυνοσουρίδοσ
507 1993 654 2033 ”Αρκτου,
685 1992 782 2024 Arat.
810 1994 942 2030 225-7;
983 1992 1028 2023 ab
1058 1993 1123 2023 hac
1154 1996 1272 2024 autem
1299 2003 1418 2024 cursus
1444 1993 1620 2024 eeleritate

85 2043 187 2075 simul
209 2047 315 2084 atque
337 2044 473 2075 ambitu
495 2043 602 2075 ducta
623 2047 706 2075 sunt
727 2054 817 2084 quae
838 2044 874 2075 in
896 2043 1094 2075 hominibus
1116 2054 1156 2074 eo
1178 2044 1270 2075 natis
1293 2054 1350 2075 uu.
1376 2045 1461 2075 61—6
1484 2044 1618 2085 praedi-

85 2098 209 2127 cantur
242 2095 417 2131 uelocitas‚
453 2095 551 2136 uigor
582 2095 823 2131 indeIassatus,
858 2105 918 2136 per
953 2095 1068 2125 omnia
1102 2095 1306 2126 discursatio
1398 2098 1439 2128 59
1470 2104 1590 2136 quo..
1611 2119 1618 2126 .

84 2146 240 2179 trahente
259 2145 339 2183 GL2,
359 2146 448 2187 quod
465 2170 472 2177 .
492 2169 499 2177 .
519 2170 526 2177 .
544 2145 738 2178 trahentem
755 2146 819 2177 LM
908 2146 1062 2183 trahente,
1085 2146 1092 2158 ⁴
1107 2146 1171 2178 hoc
1190 2146 1275 2177 dicit
1292 2150 1434 2187 propter
1452 2156 1618 2187 magnum

85 2197 170 2229 caeli
190 2198 343 2240 spatium
364 2197 459 2238 quod
479 2197 637 2228 obtinet'
661 2197 819 2238 Scaliger,
842 2197 921 2228 uide
943 2205 956 2228 1
977 2198 1041 2228 395
1062 2197 1120 2228 hoc
1141 2197 1220 2228 duce
1239 2207 1300 2236 per
1320 2201 1422 2228 totam
1443 2197 1620 2228 decurrunt

84 2249 194 2281 sidera
220 2249 406 2284 mundum;
448 2259 560 2289 neque
587 2249 679 2280 enim
707 2249 817 2279 trahit
845 2248 953 2289 magis
980 2258 1087 2288 quam
1118 2248 1279 2279 trahitur.
1328 2248 1486 2279 similiter
1514 2249 1618 2279 Vrsas

86 2300 219 2332 caelum
242 2303 403 2341 torquere
426 2303 462 2331 et
485 2300 543 2331 alii
567 2299 730 2330 dixerunt
753 2302 790 2330 et
813 2299 974 2330 Manilius
998 2308 1011 2330 Ι
1034 2301 1099 2330 278
1123 2302 1159 2330 et
1182 2301 1247 2330 444
1339 2302 1380 2332 60
1404 2299 1567 2331 ementita
1591 2298 1620 2330 G

85 2352 175 2383 sicut
203 2351 395 2382 conjecerat
424 2350 583 2391 Scaliger,
614 2352 647 2382 et
675 2350 820 2382 mentita
848 2350 911 2381 LM
1000 2349 1073 2381 alas
1102 2349 1175 2388 LM,
1206 2359 1283 2381 aras
1313 2349 1340 2381 G
1432 2351 1547 2387 Orion,
1578 2353 1620 2381 ut

84 2402 167 2434 luna
192 2405 228 2434 et
252 2402 424 2444 planetae,
451 2402 585 2433 minora
609 2401 722 2433 sidera
746 2401 878 2442 fulgore
903 2411 965 2432 suo
991 2401 1153 2432 hebetare
1180 2401 1306 2432 dicitur
1332 2402 1462 2438 721-5;
1502 2402 1620 2442 nigrae

85 2454 196 2485 noctis
221 2453 295 2484 alae
320 2455 635 2485 commemorantur
660 2461 702 2483 ΙΙΙ
729 2453 791 2484 194
883 2454 991 2485 61-66
1014 2452 1099 2482 facit
1127 2452 1231 2483 Orion
1256 2453 1392 2493 ingenio
1417 2456 1452 2483 et
1478 2462 1620 2493 corpore

85 2505 200 2546 agiles,
221 2505 399 2542 officiosos,
420 2504 627 2536 salutatores
719 2506 761 2537 62
780 2503 905 2545 agilem
923 2503 996 2542 LM,
1017 2503 1142 2544 aligem
1161 2502 1189 2534 G
1208 2506 1249 2534 ut
1268 2512 1305 2534 Iv
1325 2505 1388 2534 232
1482 2506 1523 2536 63
1542 2503 1620 2535 inde

83 2556 210 2588 lassato
233 2555 350 2594 GL2M‚
372 2555 409 2587 in
429 2555 556 2587 lassato
578 2555 604 2587 L
693 2554 796 2586 corda
817 2554 934 2595 uigore
956 2554 1030 2586 cod.
1055 2554 1158 2591 Flor.,
1181 2554 1280 2586 corde
1302 2555 1416 2586 uidere
1439 2554 1530 2586 GLM

131 2610 173 2641 64
208 2608 268 2638 erit
304 2607 364 2647 qui
402 2610 479 2638 tum
514 2610 619 2638 natus
646 2606 763 2643 fuerit,
794 2609 835 2637 ut
865 2607 906 2637 86
937 2606 1056 2645 poterit
1085 2609 1120 2637 et
1149 2606 1277 2647 passim
1367 2608 1441 2637 tota
1470 2606 1516 2642 M,
1546 2607 1620 2637 toto

86 2657 141 2690 GL
209 2658 378 2690 habitabit
393 2657 473 2696 GL2,
490 2657 662 2690 habitauit
677 2657 740 2689 LM
809 2656 892 2688 urbe
909 2657 1088 2688 Turnebus
1105 2657 1184 2688 adu.
1205 2666 1302 2688 XXIII
1318 2668 1345 2688 0.
1364 2658 1417 2693 27,
1434 2656 1513 2688 orbe
1528 2657 1617 2688 libri.

85 2710 187 2741 Mart.
206 2717 243 2741 rv
259 2710 301 2740 78
317 2709 337 2740 3
354 2719 403 2750 sq.
421 2708 582 2740 discurris
599 2712 678 2740 tota
694 2718 800 2748 uaqus
816 2708 907 2739 urbe
923 2718 980 2739 nec
996 2708 1066 2739 ulla
1082 2708 1234 2739 cathedra
1255 2712 1300 2739 est
1322 2706 1325 2750 Ι
1345 2708 1401 2739 cui
1422 2718 1489 2739 ozon
1509 2718 1621 2739 mane

79 2760 172 2802 feras
189 2760 391 2800 inrequietus
407 2759 506 2791 haue
597 2762 639 2793 65
654 2770 761 2791 unum
777 2759 924 2796 uerbum,
944 2760 951 2772 ‘
962 2760 1027 2791 hoc
1043 2762 1096 2791 est
1112 2760 1202 2791 haue
1217 2759 1224 2773 '
1241 2759 1391 2800 Scaliger
1406 2772 1412 2790 :
1443 2759 1545 2791 Mart.
1570 2759 1618 2791 l.l.

86 2815 122 2845 et
153 2821 166 2844 1
196 2814 238 2843 55
275 2813 294 2843 6
329 2811 571 2843 matutinum
602 2814 736 2852 portat
770 2811 904 2852 ineptus
938 2811 1038 2843 haue
1132 2811 1247 2842 omnia
1284 2814 1377 2842 recte
1415 2810 1460 2842 ad
1497 2811 1620 2842 limina
