1855 3088
630 620 696 667 M.
744 620 1049 668 MANILII

414 746 1277 812 ASTRONOMIOON

620 885 789 924 LIBER
825 885 1059 932 QVINTVS

242 1056 330 1098 HIC
349 1056 454 1098 alius
474 1056 633 1098 finisset
652 1057 731 1098 iter
750 1057 959 1113 signisque
978 1057 1121 1099 relatis

243 1131 335 1185 quis
355 1131 531 1172 aduersa
550 1136 694 1172 meant
714 1132 930 1173 stellarum
949 1132 1124 1173 numina
1144 1132 1330 1187 quinque

244 1205 500 1260 quadriiugis
520 1211 563 1246 et
582 1205 776 1247 Phoebus
796 1206 913 1261 equis
933 1211 976 1247 et
994 1206 1116 1247 Delia
1135 1206 1241 1261 bigis

244 1294 328 1320 non
347 1279 458 1320 ultra
478 1280 700 1321 struxisset
719 1294 837 1334 opus,
860 1280 1057 1335 caeloque
1077 1280 1232 1322 rediret

171 1360 191 1390 5
247 1367 295 1394 ac
315 1368 388 1407 per
407 1353 653 1395 descensum
673 1354 832 1395 medios
852 1359 1110 1409 percurreret
1129 1354 1244 1409 ignes

246 1427 428 1477 Saturni,
450 1427 564 1469 Iouis
584 1433 626 1469 et
647 1428 793 1469 Martis
813 1428 1014 1483 Solisque,
1036 1428 1114 1470 sub
1133 1429 1214 1470 illis

245 1506 341 1555 post
361 1502 563 1543 Venerem
585 1507 627 1543 et
647 1503 758 1543 Maia
777 1507 928 1543 natum
946 1508 1002 1553 te,
1024 1503 1157 1552 Luna,
1179 1508 1420 1558 uagantem.

245 1590 312 1616 me
331 1590 552 1630 properare
572 1576 699 1618 etiam
718 1577 901 1618 mundus
920 1577 1039 1619 iubet
1058 1577 1200 1619 omnia
1220 1577 1377 1619 circum

129 1693 213 1724 1-29
242 1693 465 1733 prooemium.
513 1692 674 1724 absoluta
706 1693 889 1725 duodecim
921 1694 1097 1735 signorum
1129 1694 1306 1731 relatione,
1345 1698 1536 1735 antequam
1571 1695 1617 1727 ad

82 1742 240 1784 planetas
260 1747 392 1785 pergat,
413 1744 455 1775 de
475 1744 643 1776 sideribus
662 1744 707 1776 ab
727 1748 875 1786 utraque
899 1745 1031 1777 zodiaci
1054 1749 1154 1787 parte
1176 1746 1298 1787 positis
1322 1757 1358 1777 se
1381 1749 1615 1778 tractaturum

82 1794 177 1831 dicit,
200 1805 308 1836 eaque
330 1795 415 1836 quid
436 1799 515 1827 ortu
536 1799 572 1827 et
594 1806 717 1828 occasu
738 1797 890 1828 efficiant
910 1798 1173 1838 expositurum3
1209 1797 1335 1838 quibus
1357 1799 1532 1838 promissis
1554 1801 1618 1830 aut

83 1855 153 1877 non
170 1847 270 1877 stetit
287 1849 349 1877 aut
366 1847 542 1887 perierunt
559 1847 601 1878 de
619 1847 797 1879 occasibus
814 1848 955 1879 tradita.
1004 1851 1183 1889 praeterea
1200 1858 1242 1879 ex
1260 1849 1308 1880 eis
1325 1859 1414 1890 quae
1432 1858 1445 1880 1
1463 1851 1616 1881 315-442

82 1897 300 1928 enumerauit
328 1897 495 1929 sideribus
525 1898 764 1930 desiderantur
793 1898 960 1930 Deltoton
989 1902 1024 1930 et
1054 1899 1184 1930 Coruus
1213 1902 1249 1930 et
1277 1910 1367 1940 quae
1396 1900 1522 1932 iterum
1551 1901 1617 1932 hoc

83 1948 225 1979 exordio
253 1952 502 1980 commemorat
529 1949 671 1981 Perseus
699 1950 842 1991 Hydrus
869 1949 1041 1987 Flumina,
1069 1950 1240 1981 accedunt
1266 1954 1386 1982 autem
1413 1951 1556 1992 Iugulae
1581 1954 1618 1983 et

82 1999 118 2030 in
140 1999 215 2040 ipso
238 2000 378 2031 zodiaco
401 2000 535 2041 positae
557 2000 676 2032 stellae
700 2001 842 2043 Hyades
866 2001 1001 2032 Pliades
1025 2001 1126 2043 Spica
1149 2004 1184 2033 et
1207 2002 1348 2033 nomina
1370 2003 1487 2044 potius
1510 2013 1617 2044 quam

83 2051 195 2082 sidera
216 2051 359 2082 Haedus
381 2052 504 2083 tertius
526 2062 565 2083 ac
587 2052 689 2084 Fides
781 2056 798 2086 1
821 2052 951 2084 finisset
972 2052 1053 2090 GU,
1075 2052 1153 2085 finis
1174 2053 1233 2085 sed
1253 2053 1316 2085 LM
1405 2054 1520 2086 relatis
1541 2054 1616 2093 LM,

83 2102 207 2134 relictis
231 2102 259 2134 Gr
350 2107 370 2137 4
392 2103 569 2136 struxisset
592 2103 667 2143 GM,
691 2103 881 2136 strinxisset
903 2104 929 2136 L
953 2104 1027 2136 cod.
1051 2105 1204 2136 Venetus
1296 2108 1315 2139 5
1337 2108 1547 2146 percurreret
1569 2106 1616 2146 M,

83 2154 273 2186 decurreret
294 2153 348 2186 GL
368 2154 424 2186 uel
444 2165 486 2186 ex
507 2154 698 2187 descensum
718 2155 773 2187 uel
794 2166 836 2187 ex
857 2166 958 2187 uersu
980 2157 1000 2188 9
1091 2158 1111 2189 6
1131 2159 1167 2187 et
1189 2158 1208 2189 7
1228 2156 1267 2193 si,
1290 2159 1330 2188 ut
1350 2165 1363 2188 1
1385 2158 1448 2189 807
1469 2167 1533 2198 sq„
1554 2168 1617 2189 nec

84 2206 234 2237 numeris
247 2216 308 2237 nec
322 2206 477 2238 oratione
491 2207 781 2238 commendabiles
795 2210 887 2244 sunt,
902 2207 966 2238 hoc
980 2209 1033 2238 est
1045 2206 1140 2247 quod
1153 2207 1217 2238 tali
1230 2207 1429 2239 condicione
1442 2209 1619 2250 expectari

85 2257 230 2288 iusserat
264 2261 368 2299 poeta
403 2267 447 2289 111
481 2259 576 2290 31-9.
626 2262 717 2290 certe
751 2269 822 2290 non
856 2259 929 2290 sine
964 2259 1157 2290 sententiae
1195 2258 1405 2290 detrimento
1440 2260 1618 2292 Bentleius

85 2311 148 2341 5-7
166 2308 294 2340 deleuit
309 2321 316 2346 ;
348 2309 443 2350 quod
460 2320 542 2340 uero
561 2309 735 2341 Breiterus
752 2320 860 2341 unum
876 2320 918 2341 ex
935 2310 1046 2341 tribus
1064 2313 1083 2343 5
1099 2309 1254 2347 retinuit,
1272 2311 1300 2342 is
1318 2311 1411 2342 solus
1428 2321 1489 2353 per
1505 2322 1541 2343 se
1557 2313 1617 2344 uix

85 2360 222 2391 sufficit.
266 2360 558 2401 interpunxerunt
570 2361 646 2392 edd.
660 2364 759 2398 uett.,
771 2371 878 2402 quam
891 2361 1150 2393 distinctionem
1160 2360 1309 2403 Scaliger
1321 2361 1373 2393 ed.
1386 2363 1405 2393 2
1418 2362 1454 2394 in
1467 2362 1619 2394 deterius

85 2411 237 2442 mutauit
256 2411 397 2443 alterius
416 2412 482 2443 loci
502 2412 683 2444 immemor
773 2415 793 2445 8
813 2412 918 2444 etiam
931 2413 960 2449 *,
981 2412 1077 2444 uiam
1095 2412 1195 2443 libri:
1231 2413 1404 2444 contraria
1424 2414 1619 2446 mutatione

84 2461 175 2493 Petr.
194 2463 213 2493 2
231 2464 250 2493 5
268 2466 296 2494 et
313 2462 385 2494 ideo
401 2473 463 2504 pro
480 2463 577 2494 uideo
594 2463 693 2494 codd.
712 2463 866 2505 plerique
883 2464 967 2494 item
984 2463 1211 2504 praecedente
1227 2474 1243 2495 6
1258 2476 1266 2501 ;
1299 2464 1398 2496 Ouid.
1418 2465 1488 2496 her.
1508 2474 1561 2496 Vir
1578 2467 1620 2497 55

83 2512 183 2544 etiam
207 2513 244 2544 in
269 2514 364 2545 uiam
390 2514 542 2545 mutauit
568 2514 744 2546 Bentleius
771 2514 896 2546 collato
922 2517 1003 2546 met.
1025 2523 1095 2546 xn1
1119 2516 1194 2546 418.
1242 2525 1312 2546 non
1337 2518 1500 2557 properat
1526 2516 1620 2548 uiam

85 2564 156 2605 qui,
185 2575 264 2596 cum
295 2564 444 2606 planetis
475 2566 643 2606 percursis
674 2566 718 2597 ad
749 2569 878 2597 terram
909 2566 1018 2597 redire
1045 2566 1165 2607 possit,
1194 2566 1310 2597 omnia
1337 2567 1449 2598 sidera
1477 2567 1619 2599 circum-

86 2616 219 2646 uectari
235 2616 371 2647 mauult
386 2619 422 2647 et
438 2619 515 2648 toto
528 2617 621 2648 eaelo
635 2617 813 2648 decurrere
829 2630 835 2648 :
862 2627 1045 2658 properare
1058 2617 1094 2648 id
1106 2617 1218 2648 facere
1231 2617 1298 2648 dici
1310 2621 1437 2659 potest,
1453 2621 1621 2659 urguente

86 2667 243 2707 proximo
267 2667 377 2698 officio
401 2667 443 2698 de
466 2668 614 2709 planetis
638 2668 793 2700 docendi.
842 2669 889 2700 sic
912 2671 1031 2700 autem
1053 2668 1187 2700 facilius
1210 2679 1317 2709 quam
1339 2673 1367 2700 et
1391 2670 1505 2701 uersui
1528 2671 1548 2701 9
1570 2670 1620 2701 in-

87 2717 253 2749 culcando
270 2718 405 2749 tollitur
421 2719 615 2760 asyndeton
632 2720 727 2760 quod
743 2730 813 2751 non
828 2720 953 2751 ferenti
971 2720 1127 2751 Bentleio
1145 2730 1224 2751 cum
1241 2720 1412 2761 plerisque
1429 2720 1623 2762 adstipulor

175 2768 267 2800 iubet
284 2769 379 2801 Voss.
400 2771 413 2801 l
435 2770 571 2811 aliique,
589 2770 670 2802 libet
686 2770 777 2802 GLM
793 2774 833 2802 ut
849 2780 887 2802 1v
903 2772 977 2802 578.
1026 2771 1113 2802 iubet
1126 2771 1299 2803 inuitante
1312 2782 1427 2802 rerum
1440 2771 1621 2812 splendore

89 2822 124 2850 et
136 2820 302 2852 materiae
315 2820 474 2852 ubertate
490 2833 496 2852 :
524 2821 574 2852 ita
590 2823 628 2852 12
643 2825 737 2853 uocat
827 2822 956 2853 circum
969 2821 1034 2861 GL,
1048 2821 1138 2854 circa
1150 2822 1196 2861 M,
1210 2832 1317 2863 quam
1330 2823 1621 2864 praepositionem

845 2885 867 2906 A
