1855 3088
596 138 1078 182 ASTRONOMICON
1108 139 1149 180 V
1581 141 1635 179 59

321 250 394 291 sed
413 250 577 304 regione
596 264 741 292 means
760 251 949 306 Cepheus
966 251 1150 292 umentis
1169 250 1328 306 Aquari

145 332 213 363 450
268 338 353 365 non
372 324 493 365 dabit
511 324 554 365 in
574 324 713 366 lusum
731 339 880 366 mores.
937 325 1040 366 facit
1059 340 1132 367 ora
1151 340 1319 367 seuerae

268 398 419 439 frontis
438 399 476 439 is
495 413 544 439 ac
563 399 708 440 uultus
727 400 944 454 componit
963 400 1146 454 pondere
1165 399 1332 440 mentis.

267 477 492 526 pascentur
511 473 619 514 curis
639 478 914 528 ueterumque
933 474 1124 528 exempla
1144 474 1364 515 reuoluent

268 560 430 601 semper
449 551 492 588 et
511 547 676 602 antiqui
695 547 932 589 laudabunt
951 548 1080 589 uerba
1100 548 1283 589 Catonis.

108 635 290 677 tellegatur
305 646 367 668 nec
383 637 438 669 hic
454 647 516 669 nec
533 648 634 669 uersu
651 638 715 670 639
731 648 835 669 causa
850 638 921 669 ulla
937 641 1000 676 est,
1018 638 1166 670 absurde
1182 648 1263 670 uero
1283 637 1399 679 Fayus
1421 637 1429 650 ‘
1443 638 1479 669 in
1498 647 1602 668 arena
1614 637 1634 673 ',

108 688 203 719 cuius
220 690 255 719 et
270 688 592 729 interpretationem
608 691 643 720 et
659 688 800 730 psilosin
816 689 1092 731 Wageningenus
1109 699 1207 721 suam
1222 689 1305 720 fecit
1385 690 1537 721 449—537
1555 697 1635 719 cum

107 738 260 779 Aquario
276 739 432 775 orientia,
452 739 607 780 Cepheus
625 739 752 780 Aquila
771 740 930 781 Cassiope
1022 742 1174 773 449-485
1193 751 1272 771 cum
1288 740 1410 781 prima,
1428 742 1468 770 ut
1485 739 1634 775 uidetur,

107 789 250 829 Aquarii
267 793 366 830 parte
385 791 592 830 (sequuntur
610 791 701 821 enim
719 791 784 822 490
803 794 839 822 et
860 792 924 823 504
948 791 1050 831 aliae)
1070 792 1179 822 oritur
1203 791 1367 832 Cepheus.
1416 791 1443 821 is
1467 800 1549 821 uero
1572 799 1634 821 nec

107 841 216 871 oritur
240 841 380 872 omnino
402 851 464 872 nec
488 841 614 872 occidit
636 842 701 872 nisi
724 843 838 883 capite
860 845 922 874 aut
945 852 1081 873 summo
1105 852 1257 883 corpore,
1281 841 1407 882 quibus
1430 844 1531 872 tenus
1555 850 1634 872 cum

107 890 294 932 Sagittario
319 901 455 932 surgere
481 892 607 923 dicitur
632 892 729 924 Arat.
758 894 822 924 674
841 903 891 934 sq.
940 893 1120 930 Firminus,
1139 903 1243 933 quem
1261 904 1281 924 a
1300 892 1441 924 Manilio
1461 891 1634 923 discedere

106 942 179 973 dixi
210 942 254 974 ad
281 944 357 980 409,
385 943 469 975 haec
496 943 604 975 habet
630 952 697 975 VIII
730 945 769 975 15
796 945 828 981 4,
856 944 894 975 in
922 949 984 976 XV
1009 948 1102 984 parte
1127 944 1326 984 Capricorni
1352 944 1457 974 oritur
1484 943 1635 983 Cepheus

194 994 279 1025 facit
292 994 447 1035 Cepheus
460 1004 598 1026 seuerae
611 996 737 1026 mentis
750 995 917 1032 homines,
930 996 1160 1037 paedagogos,
1175 998 1296 1036 poetas
1309 996 1457 1036 tragicos
1471 995 1633 1025 comicos-

105 1053 183 1085 que,
202 1045 331 1085 quique
348 1055 466 1076 eorum
484 1046 637 1077 carmina
655 1057 713 1077 ore
730 1046 876 1078 efferant
893 1050 1037 1088 gestuue
1054 1049 1313 1088 repraesentent
1404 1048 1468 1079 449
1485 1044 1634 1076 umentis

106 1094 170 1134 GL,
196 1095 319 1127 mentis
343 1096 389 1127 M.
437 1096 597 1128 umidus.
618 1121 625 1128 .
646 1121 652 1128 .
671 1097 843 1137 Aquarius
868 1098 934 1130 Cic.
961 1098 1058 1129 Arat.
1085 1099 1148 1130 327
1174 1101 1209 1129 et
1234 1098 1347 1129 Germ.
1373 1097 1458 1138 frag.
1485 1106 1522 1128 rv
1547 1098 1588 1128 70

195 1149 258 1180 450
273 1146 310 1178 in
325 1146 440 1178 lusum
455 1147 529 1185 LM,
546 1147 686 1179 illusum
701 1147 739 1179 G.
787 1159 855 1180 non
870 1148 961 1180 dabit
977 1149 1014 1180 in
1030 1149 1141 1180 lusum
1157 1159 1272 1186 mores,
1289 1159 1359 1180 non
1375 1148 1507 1179 tribuet
1523 1158 1634 1179 mores

105 1198 166 1238 qui
188 1198 224 1229 in
247 1197 362 1229 lusum
386 1198 626 1240 propendeant
649 1199 872 1240 ducantque:
909 1200 989 1231 uide
1013 1209 1050 1231 IV
1074 1201 1138 1232 508
1162 1200 1252 1231 dabit
1276 1200 1313 1231 in
1335 1199 1478 1240 praedas
1501 1199 1633 1230 animos

104 1248 221 1289 ibique
235 1249 405 1281 adnotata
495 1258 633 1281 seuerae
648 1249 713 1289 GL,
728 1259 884 1282 seuerare
897 1251 943 1289 M,
958 1250 1075 1283 fauere
1089 1252 1163 1282 cod.
1179 1251 1343 1288 Venetus,
1358 1261 1472 1282 seuera
1486 1250 1635 1291 Scaliger

104 1302 140 1331 et
162 1299 325 1341 plerique,
348 1304 428 1342 post
449 1300 538 1332 hanc
561 1311 682 1332 uocem
704 1302 997 1343 interpungentes.
1048 1303 1110 1333 105
1132 1312 1182 1343 sq.
1207 1312 1338 1333 seuerae
1360 1300 1364 1344 l
1378 1301 1502 1342 frontis
1524 1311 1628 1341 opus:

105 1350 204 1392 plura
224 1351 382 1392 exempla
401 1351 545 1383 collecta
565 1355 647 1384 sunt
666 1353 752 1385 thes.
774 1352 854 1393 ling.
876 1353 953 1384 Lat.
975 1362 1013 1384 VI
1032 1363 1065 1394 p.
1090 1354 1174 1385 1356
1193 1354 1279 1385 20-3
1372 1355 1434 1386 451
1455 1352 1483 1384 is
1503 1352 1632 1383 addidi.

105 1405 243 1433 mutato
273 1402 458 1434 uerborum
487 1405 643 1444 tempore
675 1403 761 1435 bene
791 1404 939 1436 adicitur
968 1415 1170 1446 pronomen,
1202 1407 1242 1435 ut
1273 1405 1337 1441 7l;
1382 1404 1483 1435 huius
1514 1406 1632 1434 autem

105 1454 316 1494 pronominis
338 1455 574 1485 nominatiuus
596 1454 690 1495 apud
712 1456 862 1496 optimos
883 1458 1004 1496 poetas
1026 1466 1095 1487 non
1117 1466 1225 1492 rarus,
1247 1465 1462 1496 quamquam
1483 1455 1632 1496 plerum-

104 1514 173 1545 que
190 1507 252 1536 aut
269 1515 348 1536 cum
364 1505 510 1536 relatiuo
528 1506 669 1546 ponitur
686 1509 748 1537 aut
765 1510 931 1547 sequente
948 1510 993 1537 est
1010 1510 1072 1538 aut
1089 1508 1124 1538 in
1141 1507 1241 1538 'mitio
1258 1507 1462 1543 sententiae,
1481 1509 1521 1537 ut
1538 1506 1630 1537 Man.

105 1563 148 1586 111
167 1556 231 1586 256
251 1558 287 1587 et
306 1565 329 1587 v
349 1557 424 1593 569,
445 1559 564 1587 tamen
583 1560 683 1588 extra
702 1557 764 1589 hos
785 1557 953 1589 cancellos
972 1559 1152 1599 reperitur,
1173 1558 1270 1589 uelut
1289 1558 1373 1589 Hor.
1396 1567 1494 1588 serm.
1517 1566 1530 1588 Ι
1550 1558 1569 1589 9
1592 1558 1632 1588 18

105 1609 197 1638 trans
226 1607 373 1638 Tiberim
397 1607 489 1647 lonye
513 1607 609 1639 cubat
634 1608 664 1638 is
686 1618 790 1648 prope
815 1608 970 1640 Caesaris
995 1609 1112 1646 hortos,
1140 1609 1239 1641 Ouid.
1267 1609 1336 1640 her.
1364 1617 1429 1640 XVI
1453 1609 1518 1640 366
1543 1618 1632 1639 unus

105 1657 135 1688 is
160 1657 329 1689 innumeri
353 1658 472 1689 militis
497 1658 603 1690 instar
627 1659 698 1696 erit,
723 1670 766 1691 ex
791 1660 891 1692 Pont.
919 1669 962 1691 111
985 1661 1004 1692 2
1031 1662 1072 1691 65
1095 1660 1284 1701 praefuerat
1309 1659 1427 1700 templo
1452 1659 1571 1690 multos
1595 1670 1632 1691 ea

105 1708 168 1745 rite
183 1719 244 1749 per
264 1719 381 1746 annos,
403 1718 440 1741 1v
461 1711 481 1741 8
501 1711 542 1741 27
563 1710 740 1750 quamlibet
760 1711 879 1751 exiqua
899 1711 930 1742 si
950 1722 1009 1742 nos
1030 1722 1067 1743 ea
1088 1712 1211 1742 iuuerit
1231 1722 1326 1748 aura,
1348 1711 1424 1742 Val.
1446 1711 1497 1742 Fl.
1520 1719 1548 1742 Π
1570 1712 1631 1742 102

104 1769 155 1800 sq.
185 1769 286 1799 neque
314 1760 404 1791 enim
431 1760 521 1792 alma
548 1761 660 1792 uideri
681 1759 684 1804 Ι
705 1765 833 1793 tantum
861 1773 909 1799 ea,
939 1773 1014 1794 cum
1042 1763 1132 1793 tereti
1159 1762 1282 1793 crinem
1310 1762 1511 1793 subnectitur
1539 1772 1632 1799 auro,

105 1809 194 1841 Stat.
220 1811 325 1842 Theb.
351 1820 389 1842 VI
412 1812 476 1843 586
500 1822 549 1852 sq.
575 1812 669 1843 eriles
691 1811 695 1855 Ι
709 1812 794 1853 forte
817 1813 848 1844 is
870 1813 1002 1853 primus
1024 1824 1121 1853 equos
1141 1817 1257 1853 staqna
1277 1813 1320 1844 ad
1340 1813 1457 1844 uicina
1477 1812 1632 1850 trahebat,

105 1861 207 1892 Mart.
228 1870 271 1892 ΠΙ
288 1863 330 1893 25
348 1863 369 1893 4
387 1862 602 1894 Neronianas
620 1863 650 1894 is
668 1865 716 1903 (β,
736 1863 788 1895 hic
805 1866 841 1904 γ)
861 1864 1028 1905 resriqerat
1047 1864 1196 1895 thermas.
1245 1865 1351 1895 etiam
1370 1863 1497 1896 Catulli
1514 1874 1633 1895 uersus

108 1913 147 1944 10
175 1913 217 1943 29
245 1922 294 1953 sq.
324 1913 371 1943 sic
398 1913 691 1954 interpungendos
718 1924 790 1945 esse
817 1916 981 1956 suspicor,
1010 1925 1102 1946 meus
1128 1915 1253 1946 sodalis
1275 1913 1278 1958 Ι
1299 1915 1427 1955 (Cinna
1454 1918 1499 1945 est
1527 1914 1633 1946 Gaius

105 1963 149 2002 is)
171 1962 237 1994 sibi
255 1963 404 2003 parauit,
427 1964 553 1995 collato
575 1964 642 1996 Cic.
666 1975 713 1996 or.
739 1966 800 1997 100
822 1966 898 2005 quis
919 1969 964 1997 est
986 1966 1087 2005 iqitur
1108 1966 1138 1997 is
1152 1966 1168 1996 ?
1207 1969 1298 1997 certe
1320 1976 1360 1997 ea
1381 1965 1633 2007 simplicissima

105 2014 194 2045 ratio
223 2017 285 2045 est.
334 2014 376 2045 de
404 2014 503 2056 Verg.
533 2025 645 2056 georg.
677 2024 705 2047 Π
733 2017 797 2048 239
826 2017 1006 2048 incertum.
1055 2020 1208 2048 ceterum
1237 2017 1266 2047 is
1295 2016 1429 2058 syllaba
1457 2017 1634 2057 geminata

105 2064 259 2096 horribili
284 2065 429 2097 stridore
454 2066 644 2098 multorum
669 2077 768 2098 aures
794 2067 947 2099 offendet
970 2069 1030 2109 qui
1053 2069 1213 2109 quotiens
1236 2068 1387 2108 quisquis
1413 2068 1443 2099 is
1468 2071 1514 2099 est
1539 2068 1633 2109 apud

105 2125 214 2147 unum
238 2115 401 2148 Ouidium
422 2116 566 2158 legerint
588 2117 698 2149 dicere
720 2129 790 2150 non
811 2122 977 2160 poterunt
1067 2118 1191 2151 mentis
1212 2119 1258 2156 M,
1282 2120 1413 2150 mentes
1436 2118 1501 2150 GL.
1546 2119 1633 2150 illud

104 2166 175 2198 iam
199 2166 347 2208 Scaliger
369 2168 560 2205 inuenerat,
586 2169 646 2210 qui
670 2170 806 2211 scripsit
823 2169 951 2210 frontes
975 2171 1184 2211 (requiritur,
1210 2170 1305 2211 quod
1323 2170 1400 2201 edd.
1421 2173 1510 2201 uett.
1536 2170 1632 2202 addi-

105 2217 239 2255 derant,
262 2220 336 2258 que)
359 2228 397 2250 ac
418 2219 532 2250 uultus
554 2220 720 2260 componit
739 2220 883 2260 pondere
905 2221 1046 2258 mentis3
1082 2221 1213 2253 sciebat
1235 2222 1337 2258 enim,
1361 2221 1455 2261 quod
1478 2221 1633 2252 Breitero

104 2268 263 2309 ignotum
284 2269 363 2306 fuit,
387 2269 506 2301 uultus
528 2270 573 2301 ad
596 2274 749 2302 mentem
771 2282 811 2303 ac
834 2282 903 2304 non
926 2275 1059 2304 mentes
1082 2272 1127 2303 ad
1149 2272 1288 2303 uultum
1311 2272 1482 2313 componi.
1528 2273 1632 2303 inter-

105 2322 264 2360 pretatur
280 2319 448 2352 Firmicus
465 2330 532 2354 V111
551 2323 590 2353 15
607 2323 627 2353 4
644 2322 776 2353 uultum
792 2333 919 2363 semper
935 2333 974 2354 ex
990 2334 1119 2354 morum
1135 2323 1318 2363 inteqritate
1328 2323 1490 2363 fingentes
1506 2335 1513 2354 ε
1544 2323 1633 2354 adde

106 2369 225 2402 Claud.
253 2370 328 2402 Stil.
356 2380 384 2403 11
409 2373 451 2404 36
477 2376 599 2403 certum
624 2374 787 2413 mentique
810 2384 927 2414 parem
952 2385 1143 2414 componere
1168 2374 1311 2411 uultum,
1339 2374 1397 2405 Sil.
1424 2383 1462 2405 VI
1488 2375 1554 2405 428
1580 2385 1631 2415 sq.

99 2419 208 2462 fronti
224 2445 231 2453 .
252 2446 258 2453 .
279 2422 430 2454 ..sedebat
452 2421 456 2466 l
476 2423 631 2455 terribilis
657 2424 749 2455 decor
775 2428 869 2465 atque
895 2425 1004 2456 animi
1029 2425 1215 2456 uenerabile
1238 2425 1382 2466 pondus,
1409 2425 1501 2456 Man.
1530 2434 1543 2456 1
1569 2427 1629 2457 771

104 2472 234 2504 strictae
257 2473 405 2512 pondera
430 2474 573 2514 (strictas
593 2475 737 2515 pondere
759 2475 850 2515 libri)
876 2477 994 2507 mentis
1018 2476 1079 2517 (M,
1104 2480 1225 2508 mentes
1250 2476 1330 2516 GL),
1355 2485 1383 2508 11
1407 2477 1470 2508 956
1492 2477 1634 2516 pectoris

105 2546 114 2555 .
133 2546 141 2554 .
160 2546 168 2554 .
184 2523 328 2563 pondus,
354 2524 428 2555 Val.
453 2525 545 2556 Max.
571 2534 638 2557 vm
664 2527 703 2557 10
727 2529 797 2557 ext.
825 2528 839 2558 l
866 2527 1007 2558 terribile
1029 2527 1144 2558 uultus
1164 2527 1309 2567 pondus,
1334 2526 1422 2558 Stat.
1448 2527 1555 2558 Theb.
1581 2536 1635 2559 vn

107 2574 148 2605 85
162 2573 254 2605 tardo
261 2574 409 2615 flectebat
419 2575 563 2615 pondere
576 2576 719 2614 uultum,
734 2576 811 2609 Sen.
827 2577 955 2610 Phaed.
973 2579 1036 2610 799
1047 2578 1181 2618 pondus
1195 2578 1313 2610 ueteris
1328 2578 1417 2609 triste
1430 2578 1589 2618 supercili

196 2627 260 2658 452
276 2629 454 2665 pascentur
475 2626 609 2668 Cepheo
630 2628 696 2659 orti
712 2639 719 2659 ε
753 2628 833 2659 uide
853 2629 895 2660 64
985 2629 1164 2661 reuoluent
1184 2628 1221 2667 G,
1242 2628 1397 2661 reuoluet
1416 2628 1478 2660 LM
1569 2631 1634 2662 454

106 2678 187 2717 post
211 2677 285 2713 45⁹7,
310 2676 370 2708 ubi
392 2679 601 2709 necessarius
625 2681 688 2715 est,
713 2680 854 2716 traieci;
891 2690 1016 2721 parum
1039 2684 1121 2722 apte
1144 2684 1224 2722 post
1246 2682 1308 2712 451
1335 2683 1529 2721 poneretur.
1578 2680 1632 2712 hic

106 2728 198 2757 certe
223 2729 315 2758 stare
339 2728 471 2768 nequit,
497 2738 609 2769 neque
633 2730 725 2761 enim
750 2729 975 2762 tolerabiliter
999 2735 1126 2763 coeunt
1150 2731 1287 2763 laudare
1311 2731 1410 2762 uerba
1436 2730 1573 2761 Catonis
1598 2734 1634 2762 et

107 2776 243 2808 laudare
261 2777 377 2808 tutoris
393 2779 610 2818 supercilium
625 2792 632 2816 ;
665 2780 812 2813 Iacobus
830 2784 948 2813 autem
965 2782 1261 2823 quemadmodum
1280 2782 1433 2813 Breitero
1452 2781 1634 2821 Wagenin—

106 2837 264 2869 genuque
290 2829 514 2870 sequentibus
541 2831 732 2862 orationem
757 2832 1010 2874 interpunxerit
1034 2843 1077 2865 ne
1104 2832 1382 2865 commemorabo
1405 2831 1545 2873 quidem
