1855 3088
196 106 250 144 30
787 103 849 146 M.
880 102 1131 145 MANILII

355 221 455 258 ante
475 231 521 258 os
540 221 605 258 est
624 215 802 266 animus,
823 231 900 258 nec
919 217 1082 272 magnis
1101 217 1267 259 concita
1286 217 1422 259 causis

356 292 482 332 corda
502 291 662 332 micant
681 296 725 332 et
743 291 886 345 lingua
905 291 1018 333 rabit
1036 292 1249 347 latratque
1269 291 1478 347 loquendo

232 373 299 403 225
355 365 562 406 morsibus
583 370 626 407 et
645 365 798 406 crebris
818 366 965 407 dentes
984 366 1029 407 in
1047 380 1151 407 uoce
1170 366 1381 421 relinquit.

357 440 537 481 ardescit
556 440 655 480 uino
675 440 842 490 uitium,
864 440 1056 495 uiresque
1075 440 1289 481 ministrat

356 514 547 555 Bacchus
567 519 610 555 et
629 514 672 555 in
691 514 908 555 flammam
928 529 1075 555 saeuas
1096 514 1327 556 exsuscitat
1345 514 1440 555 iras.

355 603 431 629 nec
451 589 577 629 siluas
596 603 804 643 rupesque
823 589 978 630 timent
996 594 1225 643 uastosque
1245 589 1383 630 leones

355 667 431 704 aut
450 663 687 717 spumantis
708 663 798 717 apri
818 663 965 704 dentes
986 668 1115 718 atque
1135 677 1252 704 arma
1271 663 1466 713 ferarum,

231 744 300 775 230
355 737 672 792 ecfunduntque
692 752 788 778 suas
809 751 1003 778 concesso
1023 737 1066 778 in
1086 752 1257 792 corpore
1276 737 1481 778 flammas.

355 826 431 853 nec
450 811 547 853 talis
567 811 714 853 mirere
735 811 837 853 artis
857 811 935 853 sub
956 812 1088 853 sidere
1107 812 1185 853 tali
1204 827 1211 853 :

356 886 488 927 cernis
508 891 558 927 ut
577 886 715 940 ipsum
735 886 865 927 etiam
885 886 999 927 sidus
1018 891 1197 927 uenetur
1215 886 1259 927 in
1279 886 1402 927 astris
1421 900 1429 935 ;

355 975 643 1015 praegressum
664 960 829 1015 quaerit
848 961 1053 1015 Leporem
1073 961 1369 1015 comprendere
1389 975 1524 1002 cursu,

408 1035 559 1077 ultima
579 1050 676 1090 pars
695 1035 837 1090 magni
857 1049 953 1076 cum
973 1035 1137 1076 tollitur
1157 1040 1250 1076 orta
1270 1035 1433 1085 Leonis,

192 1172 255 1201 aut
284 1169 407 1201 saltem
435 1169 568 1206 leniret,
598 1172 679 1210 post
707 1169 807 1200 uerba
835 1170 1064 1210 interpunxit,
1094 1170 1258 1201 incisione
1287 1179 1357 1200 non
1385 1169 1574 1201 Maniliana
1665 1171 1730 1202 223

192 1221 326 1253 concita
353 1221 427 1252 cod.
457 1222 610 1253 Venetus
637 1224 673 1252 et
701 1221 814 1257 Bodl„
842 1221 980 1253 condita
1003 1220 1095 1252 GLM
1187 1223 1251 1254 224
1273 1220 1362 1252 rabit
1384 1220 1447 1252 LM
1474 1220 1548 1252 cod.
1574 1220 1728 1252 Venetus

191 1274 281 1304 sicut
303 1273 496 1304 coniecerat
518 1272 677 1313 Scaliger,
699 1272 788 1313 rapit
810 1271 879 1304 GL2
970 1275 1034 1306 225
1055 1272 1215 1314 relinquit
1236 1272 1324 1309 L²M‚
1347 1271 1515 1313 relinquid
1535 1271 1572 1310 L,
1594 1271 1730 1313 reliquit

193 1323 221 1356 G
311 1324 468 1356 dentium
488 1325 578 1356 inter
598 1335 633 1355 se
654 1325 881 1355 arietatorum
902 1334 1017 1361 sonus,
1039 1334 1143 1364 quem
1163 1325 1198 1355 in
1218 1325 1308 1355 irato
1329 1326 1580 1355 commemorat
1600 1323 1729 1355 Seneca

193 1376 274 1407 dial.
292 1384 315 1407 v
331 1378 351 1406 4
368 1377 399 1412 2,
416 1376 523 1407 etiam
539 1376 574 1406 in
591 1376 715 1406 emissa
730 1375 922 1406 frendentis
939 1386 1023 1406 uoce
1040 1379 1206 1416 superest.
1256 1375 1358 1406 Drac.
1375 1375 1485 1407 Orest.
1502 1375 1565 1406 618
1577 1374 1729 1406 dentibus

192 1427 294 1458 illisis
316 1427 491 1468 franyebat
520 1437 693 1457 murmura
721 1437 861 1464 morsus,
890 1426 980 1458 Stat.
1011 1426 1117 1458 Theb.
1149 1435 1189 1457 XI
1217 1427 1280 1458 337
1309 1426 1425 1457 obnixi
1446 1425 1611 1466 franqunt
1639 1425 1730 1456 mala

193 1489 365 1510 murmura
385 1478 494 1509 dentes
586 1480 650 1511 226
670 1478 752 1509 uino
774 1478 962 1514 Bentleius,
983 1477 1068 1510 uitio
1088 1477 1176 1509 libri.
1225 1478 1313 1509 hanc
1335 1478 1582 1509 correctionem
1602 1481 1637 1509 et
1657 1477 1730 1518 ipse

192 1541 271 1561 cum
299 1531 450 1571 primum
478 1533 619 1570 poetam
647 1529 856 1571 perlegerem
884 1530 1005 1561 statim
1033 1529 1099 1560 feci
1126 1532 1162 1561 et
1191 1529 1389 1560 Bentleium
1416 1532 1499 1560 ante
1527 1539 1582 1560 me
1609 1528 1729 1559 fecisse

192 1586 286 1614 certo
308 1592 409 1613 sensu
431 1582 626 1622 suspicatus
648 1591 747 1617 sum;
783 1580 878 1621 quod
899 1582 965 1612 nisi
986 1582 1036 1612 ita
1058 1591 1130 1612 esse
1152 1584 1274 1622 postea
1296 1581 1548 1621 comperissem,
1571 1581 1630 1611 uix
1652 1590 1729 1621 pro-

190 1633 325 1664 laturus
352 1643 468 1664 eram:
511 1632 597 1663 adeo
625 1633 727 1673 pauci
754 1642 860 1673 quam
888 1636 982 1663 certa
1010 1633 1055 1663 sit
1082 1642 1122 1663 ac
1150 1633 1340 1663 necessaria
1366 1631 1579 1672 intellegent.
1626 1630 1730 1662 liceat

193 1688 311 1716 tamen
336 1684 461 1715 dixisse
486 1694 555 1714 non
579 1683 789 1715 ebriositatis
814 1684 900 1714 uitio
925 1684 1033 1724 magis
1057 1693 1163 1723 quam
1187 1682 1367 1720 ebrietate,
1392 1682 1487 1723 quod
1510 1683 1636 1713 uitium
1660 1692 1731 1712 non

192 1739 256 1772 est,
282 1736 498 1766 iracundiam
523 1734 699 1766 ardescere
791 1737 855 1767 227
879 1733 1058 1766 flammam
1082 1734 1129 1772 M,
1155 1734 1297 1766 flamma
1322 1733 1376 1765 GL
1468 1735 1532 1766 228
1556 1741 1656 1773 rupes
1681 1732 1728 1770 M,

191 1787 281 1828 ripas
308 1786 362 1818 GL
387 1786 461 1817 cod.
489 1787 664 1817 Venetus:
704 1786 795 1817 idem
821 1786 1059 1817 contrariusue
1083 1796 1177 1816 error
1202 1786 1265 1815 562
1357 1787 1421 1818 229
1445 1786 1507 1816 aut
1530 1784 1576 1822 M,
1603 1786 1639 1815 at
1664 1783 1729 1816 GL.

190 1839 318 1870 falsum
344 1838 453 1869 Ellisii
477 1837 519 1868 de
544 1837 579 1868 M
603 1838 843 1869 testimonium
868 1847 937 1868 non
961 1837 1085 1874 solum,
1111 1838 1171 1877 qui
1195 1836 1239 1868 ab
1265 1847 1304 1868 eo
1329 1835 1515 1877 pendebat,
1542 1836 1731 1867 Bechertus

192 1890 342 1931 repetiit,
361 1889 421 1920 sed
440 1889 625 1925 Breiterus,
645 1889 699 1919 cui
717 1888 843 1920 Loewii
861 1888 1013 1925 collatio,
1032 1892 1067 1920 et
1085 1888 1372 1929 Wageningenus,
1391 1888 1447 1919 cui
1464 1887 1589 1918 codicis
1607 1887 1730 1928 photo-

192 1941 324 1982 grapha
347 1944 485 1981 praesto
509 1943 608 1971 erant
699 1950 794 1971 arma
811 1939 975 1980 serarum,
1001 1939 1101 1971 Ouid.
1127 1943 1208 1970 met.
1235 1948 1259 1970 x
1283 1940 1348 1970 546
1365 1938 1470 1979 feras,
1493 1938 1612 1979 quibus
1636 1948 1731 1969 arma

192 1992 279 2024 dedit
305 1996 449 2028 natura3
489 1995 670 2022 enumerat
695 1990 811 2022 Cicero
836 1991 907 2022 n.d.
935 1999 963 2021 11
991 1991 1052 2021 127
1079 2001 1208 2021 cornua
1233 1990 1355 2021 dentes
1380 1999 1544 2021 morsum.
1592 1989 1685 2020 locos
1711 1998 1731 2019 a

194 2043 346 2074 Bickelio
365 2043 452 2074 thes.
473 2043 553 2083 ling.
576 2042 652 2073 Lat.
675 2051 703 2072 ΙΙ
721 2053 753 2083 p.
777 2043 836 2073 601
860 2043 902 2072 55
922 2052 971 2082 sq.
993 2041 1060 2073 huc
1080 2041 1206 2073 relatos
1227 2041 1313 2072 Plin.
1335 2041 1405 2071 n.h.
1427 2049 1466 2071 IX
1488 2041 1561 2077 155,
1582 2039 1658 2071 Val.
1679 2039 1730 2070 Fl.

192 2103 221 2125 ΙΙ
244 2096 319 2131 547,
345 2094 433 2126 Stat.
460 2093 566 2124 Theb.
593 2102 630 2124 IV
654 2094 695 2124 70
720 2093 824 2124 adeat
847 2094 907 2133 qui
930 2093 1040 2124 ridere
1064 2092 1159 2124 uolet
1250 2094 1314 2125 230
1337 2091 1584 2131 effunduntque
1608 2090 1673 2129 GL,
1699 2092 1733 2122 et

191 2145 342 2178 fundunt
363 2154 449 2186 quae
470 2145 506 2175 M
596 2153 756 2176 concesso
779 2143 896 2182 GL2M,
918 2153 1079 2175 concerso
1100 2143 1136 2182 L,
1159 2152 1325 2175 conuerso
1346 2142 1420 2174 cod.
1444 2143 1607 2174 Venetus.
1655 2152 1731 2173 con-

192 2208 291 2233 cesso,
320 2207 398 2228 cum
426 2196 582 2227 homines
609 2196 800 2227 interficere
827 2206 896 2227 non
923 2195 1035 2227 liceat.
1085 2195 1303 2236 comparauit
1330 2194 1478 2225 Iacobus
1505 2193 1584 2224 Tac.
1614 2192 1729 2224 Germ.

195 2248 214 2278 9
237 2249 250 2278 1
275 2249 483 2279 Mercurium
501 2272 507 2278 .
528 2272 534 2278 .
555 2272 561 2279 .
580 2247 637 2278 cui
653 2272 659 2278 .
680 2271 687 2278 .
708 2271 714 2277 .
733 2247 892 2278 humanis
912 2257 1036 2287 quoque
1055 2246 1172 2277 hostiis
1191 2246 1287 2277 litare
1300 2244 1358 2285 fas
1377 2245 1494 2276 habent
1514 2255 1523 2275 :
1556 2244 1731 2276 Herculem

194 2304 221 2331 et
242 2300 282 2331 M
285 2303 387 2330 artem
404 2299 567 2330 concessis
588 2298 793 2330 animalibus
811 2298 948 2338 placant
1038 2306 1177 2338 corpore
1200 2297 1247 2335 M,
1271 2296 1391 2328 robore
1414 2295 1469 2328 GL
1492 2297 1606 2327 minus
1626 2295 1730 2327 obuio

195 2351 256 2382 sed
280 2351 408 2382 eodem·
427 2351 540 2381 minus
567 2354 651 2391 apto
678 2349 796 2386 uerbo,
823 2360 934 2390 neque
960 2350 1053 2380 enim
1078 2348 1239 2380 robustos
1266 2348 1378 2380 solum
1402 2348 1558 2379 homines
1583 2346 1732 2378 libenter

193 2402 388 2434 occiderent
478 2401 637 2433 flammas
663 2400 728 2439 GL,
754 2401 895 2433 flamma
920 2401 956 2432 M
1047 2403 1109 2433 231
1135 2409 1198 2431 nec
1222 2399 1302 2431 talis
1327 2399 1392 2438 GL,
1418 2408 1481 2431 nec
1506 2398 1569 2430 alis
1593 2398 1640 2436 M,
1667 2398 1732 2429 hoc

193 2457 246 2485 est
269 2462 312 2484 ne
336 2452 425 2489 taliS,
451 2453 545 2493 quod
570 2453 704 2492 uirgula
728 2453 763 2483 in
788 2452 855 2483 fine
880 2462 998 2483 uersus
1023 2452 1137 2492 posita
1162 2451 1269 2482 nihilo
1295 2451 1446 2482 deterius
1470 2454 1533 2482 est.
1582 2449 1661 2480 uide
1686 2448 1731 2479 ad

192 2514 205 2536 Ι
227 2506 290 2536 557
313 2504 494 2541 adnotata,
517 2504 576 2534 ubi
600 2514 674 2534 neu
699 2503 828 2534 conieci
919 2505 982 2536 232
1019 2512 1047 2534 Π
1086 2504 1147 2534 153
1184 2503 1290 2533 cernis
1328 2506 1363 2533 ut
1399 2512 1532 2533 auersos
1569 2499 1732 2532 redeundo

193 2560 305 2596 surque
330 2556 367 2586 in
391 2559 482 2586 artus
573 2557 717 2586 uenetur
739 2555 791 2593 L2,
813 2557 995 2586 ueneretur
1018 2553 1109 2585 GLM
1201 2556 1264 2587 233
1285 2553 1382 2584 Arat.
1406 2554 1536 2584 338-40
1562 2553 1701 2591 Λαγωὸσ
1724 2549 1728 2593 Ι

196 2609 330 2645 ἐμμενὲσ
356 2609 461 2645 ἤματα
488 2608 592 2637 πάντα
618 2608 774 2636 &camerae-
800 2608 900 2647 αὐτὰρ
924 2608 939 2637 ὅ
962 2605 993 2645 ’γ’
1019 2608 1078 2636 αἰεὶ
1101 2604 1104 2647 Ι
1126 2608 1253 2646 Σείριοσ
1277 2607 1422 2642 ἐξόπιθεν
1447 2606 1575 2645 φέρεται
1591 2604 1732 2642 μετιόντι

195 2660 318 2690 ἐοικώσ.
367 2662 446 2699 post
485 2658 575 2688 hunc
614 2668 753 2688 uersum
793 2657 970 2688 Bentleius
1008 2657 1154 2688 fortasse
1192 2656 1413 2688 inserendum
1445 2656 1587 2696 putauit
1620 2664 1633 2685 Ι
1666 2655 1731 2685 435

194 2710 362 2742 intentans
374 2709 519 2740 similem
535 2718 677 2739 morsum
691 2709 752 2748 (sic
766 2710 857 2739 enim
872 2719 950 2739 cum
963 2708 999 2739 M
1012 2708 1232 2739 scribendum
1245 2708 1323 2746 erit)
1338 2707 1407 2738 iam
1421 2707 1551 2747 iamque
1565 2705 1686 2737 tenenti

284 2763 437 2794 234—250
455 2770 533 2791 cum
552 2760 749 2791 tricensima
768 2759 891 2790 Leonis
909 2762 1008 2801 parte
1026 2761 1136 2790 oritur
1153 2759 1272 2790 Crater
1287 2771 1294 2790 ε
1327 2769 1406 2790 cum
1424 2767 1515 2789 XXVI
1532 2761 1568 2789 et
1586 2756 1730 2789 dimidia

195 2813 301 2855 Hipp.
320 2821 363 2843 111
383 2814 395 2843 l
417 2813 447 2850 2,
466 2821 544 2843 cum
561 2811 712 2843 seeundo
729 2811 859 2843 decano
876 2811 995 2843 Teucr.
1015 2811 1104 2842 Boll.
1122 2810 1255 2852 sphaer.
1274 2821 1307 2852 p.
1329 2811 1379 2848 18,
1398 2820 1477 2841 cum
1493 2809 1606 2840 Leone
1622 2809 1729 2840 etiarn
