1855 3088
249 88 303 128 74
840 86 901 131 M.
934 87 1186 132 MANILII

406 197 537 253 isque,
560 199 633 240 ubi
652 199 908 253 pendentem
927 200 1037 241 uidit
1056 200 1109 242 de
1127 215 1231 256 rupe
1250 201 1447 256 puellam,

282 279 352 311 570
406 272 600 327 deriguit,
622 273 728 315 facie
749 288 875 329 quem
894 289 980 315 non
999 275 1282 329 stupefecerat
1300 275 1446 326 hostis,

405 347 562 402 uixque
582 362 713 389 manu
732 348 914 403 spolium
933 349 1085 399 tenuit,
1106 349 1326 405 uictorque
1346 350 1544 391 Medusae

405 421 544 463 uictus
563 422 607 462 in
626 422 898 464 Andromeda
917 428 994 465 est.
1052 423 1138 465 iam
1157 424 1353 465 cautibus
1371 424 1535 465 inuidet
1553 423 1654 479 ipsis

405 495 628 551 felicesque
648 502 788 547 uocat,
809 502 986 539 teneant
1005 512 1114 553 quae
1132 498 1335 548 membra,
1357 503 1529 540 catenas
1547 513 1557 548 ;

406 575 461 620 et,
483 576 712 626 postquam
731 586 891 626 poenae
911 587 1083 614 causam
1102 573 1302 628 cognouit
1321 573 1374 614 ab
1394 573 1499 628 ipsa,

280 651 348 682 575
404 644 592 687 destinat
610 645 654 687 in
674 646 885 688 thalamos
904 661 978 702 per
997 647 1155 688 bellum
1173 647 1327 689 uadere
1347 647 1481 702 ponti,

404 719 537 761 altera
557 719 591 761 si
611 720 749 776 Gorgo
769 721 927 772 ueniat,
948 735 1034 763 non
1053 722 1225 763 territus
1242 722 1325 763 illa.

404 794 591 836 concitat
610 795 744 837 aerios
763 810 908 837 cursus
927 796 1150 852 flentisque
1170 796 1357 851 parentis

403 868 612 923 promissu
631 870 746 911 uitae
765 875 927 912 recreat
945 875 1180 926 pactusque
1199 871 1399 912 maritam

403 943 459 984 ad
478 943 578 985 litus
597 949 770 986 remeat.
828 945 1027 1000 grauidus
1047 945 1133 987 iam
1152 960 1318 1000 surgere
1337 950 1494 1000 pontus

279 1024 348 1056 580
403 1024 600 1073 coeperat
619 1033 668 1060 ac
687 1019 811 1075 longo
831 1020 1052 1074 fugiebant
1071 1020 1237 1075 agmine
1256 1020 1410 1062 fluctus

403 1092 641 1148 inpellentis
661 1108 767 1135 onus
786 1095 976 1136 monstri.
1035 1100 1165 1150 caput
1185 1095 1342 1136 eminet
1360 1095 1497 1137 undas

403 1167 632 1210 scindentis
650 1169 907 1225 pelagusque
926 1170 1075 1220 uomit,
1097 1170 1381 1211 circumsonat
1399 1184 1556 1225 aequor

244 1313 283 1344 13
315 1314 357 1345 33
388 1324 438 1354 sq.
471 1314 525 1346 his
556 1318 626 1346 tum
652 1314 826 1346 blanditiis
852 1314 1013 1356 furtiua
1040 1326 1100 1356 per
1130 1320 1228 1348 antra
1256 1316 1389 1356 puellae
1418 1314 1422 1358 Ι
1449 1315 1583 1347 oscula
1612 1314 1778 1346 siluicolis

240 1368 350 1404 empta
367 1364 479 1397 dedere
496 1366 583 1397 uiris
602 1366 658 1407 (de
675 1377 745 1407 quo
762 1367 933 1398 falluntur
950 1370 986 1398 et
1003 1367 1062 1398 alii
1079 1370 1114 1399 et
1131 1368 1218 1399 thes.
1238 1367 1318 1408 ling.
1338 1367 1416 1398 Lat.
1436 1376 1475 1398 VI
1492 1378 1526 1408 p.
1548 1368 1632 1398 1644
1650 1367 1692 1398 48
1710 1375 1776 1406 sq„

240 1426 322 1447 nam
344 1416 477 1448 furtiua
500 1421 602 1449 antra
624 1418 720 1449 nulla
743 1419 851 1458 sunt),
876 1418 952 1450 Sen.
979 1419 1067 1451 H.O.
1096 1420 1179 1451 1700
1203 1419 1314 1450 omnis
1336 1418 1456 1450 ardens
1479 1429 1537 1450 ora
1559 1429 1659 1459 quam
1682 1420 1777 1449 torret

239 1466 309 1498 dies
330 1469 456 1508 (omnis
478 1479 537 1500 ora
558 1479 664 1510 quam
686 1470 809 1501 ardens
830 1470 902 1501 dies
922 1473 1043 1507 torret,
1065 1473 1106 1502 ut
1126 1470 1298 1502 intellexit
1319 1470 1527 1509 Gronouius)
1619 1469 1776 1501 uictorem

239 1518 426 1551 redeuntem
453 1520 498 1551 ad
526 1521 687 1562 patriam.
736 1521 841 1552 uictor
868 1521 962 1558 redit,
990 1525 1120 1558 remeat,
1149 1521 1334 1558 reuertitur,
1362 1521 1530 1553 reuehitur
1557 1524 1681 1563 poetae
1708 1520 1774 1551 fre-

239 1573 424 1611 quentant,
444 1571 542 1603 uelut
562 1572 662 1604 Ouid.
684 1573 773 1604 trist.
794 1581 823 1604 11
844 1574 917 1610 177,
938 1573 1027 1604 Stat.
1048 1573 1155 1604 Theb.
1176 1582 1215 1604 VI
1234 1574 1309 1610 609,
1330 1582 1370 1604 XI
1389 1574 1452 1605 332
1472 1583 1536 1614 sq„
1557 1573 1675 1605 Claud.
1697 1571 1774 1603 Stil.

241 1629 268 1652 Π
293 1623 369 1659 368,
396 1626 486 1664 rapt.
515 1623 609 1655 Pros.
635 1632 664 1655 ΙΙ
692 1634 742 1665 pr.
770 1625 812 1656 40
905 1626 968 1658 569
994 1624 1089 1665 isque
1116 1624 1190 1663 GM,
1217 1633 1324 1665 usque
1350 1624 1375 1655 L
1467 1627 1530 1658 570
1556 1624 1775 1665 interpunxit

239 1672 429 1711 Bentleius‚
466 1685 681 1716 quamquam
718 1676 790 1707 sine
826 1686 930 1707 causa
966 1676 1103 1717 scripsit
1133 1675 1250 1717 facies.
1295 1675 1386 1716 facie
1422 1675 1691 1716 (Andromedae)
1728 1673 1774 1706 ad

237 1723 379 1765 deriquit
396 1725 572 1757 adiectum
589 1730 668 1767 post
685 1726 743 1757 ubi
759 1726 847 1757 uidit
863 1727 1022 1758 abundat
1038 1739 1046 1764 ς
1077 1730 1198 1758 contra
1215 1726 1383 1768 Gorgonis
1400 1737 1480 1768 pars
1496 1726 1648 1763 saxifica,
1666 1735 1774 1767 quam

236 1776 329 1816 ipsos
355 1777 427 1808 eius
453 1787 582 1818 angues
607 1778 737 1809 uitasse
762 1778 812 1809 ait
838 1777 1000 1809 Lucanus
1026 1787 1065 1809 IX
1092 1779 1167 1815 653,
1194 1781 1276 1819 apte
1302 1778 1572 1809 demonstratur.
1621 1780 1774 1809 ceterum

236 1826 389 1867 deriquit,
415 1828 509 1868 quod
533 1828 650 1869 Fayus
674 1832 710 1860 et
733 1828 921 1870 Pingraeus
945 1840 1015 1860 non
1039 1833 1216 1870 ceperunt,
1242 1829 1277 1860 id
1303 1829 1475 1870 significat
1498 1829 1593 1870 quod
1616 1828 1773 1870 pluribus

237 1880 438 1919 exsequitur
467 1880 611 1911 Ouidius
641 1884 722 1912 met.
753 1889 791 1912 IV
821 1881 929 1912 672-6
957 1891 1057 1920 quam
1085 1880 1187 1912 simul
1216 1880 1259 1912 ad
1287 1881 1389 1912 duras
1417 1881 1589 1920 reliyatam
1617 1879 1773 1912 bracchia

235 1933 346 1961 cautes
367 1928 371 1973 Ι
391 1930 479 1962 uidit
511 1931 718 1963 Abantiades
720 1955 833 1969 .....
853 1932 952 1963 trahit
985 1932 1114 1964 inscius
1148 1932 1239 1972 iynes
1268 1930 1272 1975 Ι
1300 1935 1328 1963 et
1360 1935 1490 1972 stupet
1598 1940 1701 1972 quem
1716 1930 1770 1962 ed.

236 1980 374 2019 Aldina,
401 1991 505 2022 quam
528 1982 607 2014 libri
630 1986 772 2024 propter
791 1983 893 2024 facie,
919 1993 1025 2024 quam
1049 1984 1174 2015 faciem
1199 1984 1313 2015 Persei
1337 1994 1410 2015 esse
1434 1987 1558 2025 putare
1584 1983 1771 2024 deprehen-

236 2032 368 2064 duntur
398 2033 546 2065 Iacobus
576 2044 725 2075 eumque
754 2035 900 2066 insecuti
930 2035 1079 2066 editores
1172 2037 1234 2068 571
1265 2044 1372 2066 manu
1401 2034 1549 2076 spolium
1578 2033 1616 2073 G,
1647 2042 1772 2066 manus

234 2082 366 2124 polium
387 2084 434 2122 M,
457 2093 581 2116 manus
603 2084 732 2126 pelium
754 2085 790 2116 L.
837 2085 984 2126 spolium
1007 2095 1020 2117 1
1043 2087 1106 2118 360
1199 2088 1263 2119 572
1285 2085 1494 2117 andromeda
1517 2087 1568 2117 est
1589 2085 1625 2117 M
1649 2086 1771 2126 (etiam

236 2135 318 2166 Vrb.
345 2136 435 2175 668),
459 2135 690 2168 andromeden
714 2135 782 2168 GL²
807 2137 881 2168 cod.
907 2137 1072 2174 Venetus,
1096 2136 1364 2169 andromachem
1387 2136 1423 2168 L.
1471 2145 1509 2168 rv
1531 2138 1574 2168 45
1599 2136 1771 2168 Cimbrum

236 2186 274 2217 in
303 2186 420 2218 Mario
439 2211 446 2217 .
467 2211 473 2218 .
494 2211 501 2218 .
519 2187 646 2218 uictum
738 2190 802 2221 574
830 2192 859 2219 et
886 2189 922 2219 in
951 2191 984 2219 at
1013 2189 1166 2219 mutauit
1195 2188 1269 2219 cod.
1300 2188 1404 2225 Flor.,
1434 2188 1528 2229 quod
1557 2187 1707 2229 Scaliger
1735 2190 1771 2219 et

235 2237 412 2269 Bentleius
434 2248 504 2269 non
525 2238 654 2270 iudicio
676 2238 736 2270 sed
757 2239 973 2280 neglegentia
994 2240 1234 2271 retinuerunt:
1270 2239 1357 2271 illud
1378 2240 1557 2270 reuocauit
1578 2239 1726 2270 Iacobus

326 2292 389 2322 575
413 2289 532 2320 bellum
549 2314 556 2321 .
577 2314 583 2320 .
604 2314 610 2320 .
626 2290 738 2330 ponti,
763 2301 842 2321 cum
866 2294 976 2332 ponto
1001 2291 1234 2327 commissum,
1259 2293 1300 2321 ut
1324 2299 1361 2321 IV
1388 2292 1450 2322 178
1474 2290 1557 2321 bella
1574 2290 1726 2331 ferarum

326 2342 389 2374 576
411 2340 548 2372 territus
572 2340 640 2379 GL,
663 2341 800 2373 intritus
822 2341 858 2373 M
949 2341 1050 2380 ffla*,
1074 2341 1125 2373 ira
1147 2341 1239 2373 GLM
1262 2341 1336 2373 cod.
1361 2342 1526 2378 Venetus,
1551 2342 1598 2373 ire
1620 2341 1710 2373 Flor.
1735 2344 1771 2373 et

236 2391 337 2422 Bodl.
356 2394 392 2423 et
409 2395 490 2423 ante
509 2392 718 2424 Bechertum
735 2393 895 2430 editores,
913 2393 1008 2434 quod
1025 2396 1105 2434 post
1122 2393 1241 2424 uadere
1258 2392 1381 2424 inutile
1398 2396 1459 2424 est.
1507 2394 1558 2424 ira
1575 2393 1770 2434 Gorgonem

236 2442 477 2474 terribiliorem
498 2454 568 2475 non
589 2444 715 2482 reddit,
737 2454 826 2485 quae
847 2444 949 2475 uultu
971 2444 1026 2475 uel
1046 2444 1279 2485 placidissimo
1300 2445 1412 2475 inuita
1433 2447 1535 2475 necat
1556 2447 1662 2485 atque
1683 2444 1770 2475 adeo

235 2496 383 2525 mortua.
432 2494 510 2534 ipsa
542 2498 684 2536 propter
716 2497 780 2526 574
814 2496 928 2526 minus
960 2495 1075 2536 placet
1168 2497 1231 2528 578
1263 2494 1432 2536 promissu
1464 2495 1553 2526 Flor.
1588 2499 1623 2526 et
1656 2495 1770 2532 Bodl.‚

233 2544 440 2585 promissum
464 2544 555 2576 GLM
645 2545 807 2577 maritam
830 2546 870 2577 L2
898 2547 987 2578 sicut
1014 2547 1207 2578 coniecerat
1230 2546 1450 2583 Schraderus,
1475 2546 1639 2577 maritum
1665 2545 1768 2584 GLM,

233 2595 328 2636 quod
359 2595 509 2636 Scaliger
540 2597 738 2638 coniugium
770 2598 1044 2638 interpretatur;
1089 2599 1221 2639 primus
1254 2598 1443 2629 Bechertus
1475 2608 1596 2629 uerum
1627 2598 1766 2639 recepit.

235 2646 337 2678 Ouid.
359 2650 441 2678 met.
463 2655 500 2678 rv
520 2648 583 2679 703
602 2651 638 2678 ut
657 2658 729 2679 mea
747 2648 793 2679 sit
811 2652 943 2679 seruata
962 2659 1035 2679 mea
1053 2648 1188 2685 uirtute,
1205 2649 1356 2688 paciscor
1448 2651 1511 2682 579
1530 2648 1601 2680 iam
1619 2648 1665 2687 M,
1685 2657 1768 2680 nam

233 2697 288 2729 GL
308 2697 382 2729 cod.
404 2698 557 2730 Venetus
649 2701 713 2732 580
736 2707 777 2730 ac
800 2699 837 2730 L.
859 2699 1042 2731 Muellerus
1066 2700 1108 2731 de
1127 2710 1201 2731 r.m.
1223 2700 1275 2731 ed.
1300 2701 1313 2731 l
1337 2710 1370 2741 p.
1392 2700 1467 2737 395,
1487 2701 1548 2731 aut
1566 2699 1668 2738 GLM,
1688 2708 1769 2731 cum

232 2749 306 2781 cod.
336 2749 500 2786 Venetus,
528 2753 556 2781 et
583 2750 657 2781 cod.
686 2750 778 2782 Flor.
872 2750 1009 2792 agmine
1037 2750 1117 2789 GL²‚
1145 2750 1284 2783 aumine
1310 2751 1374 2782 LM
1465 2753 1527 2784 581
1555 2751 1664 2782 undas
1691 2751 1766 2783 cod.

234 2800 346 2838 Bodl.‚
362 2801 462 2833 undis
479 2800 570 2833 GLM
586 2801 659 2832 cod.
677 2801 830 2833 Venetus
847 2802 891 2834 ob
907 2813 1049 2834 causam
1064 2803 1282 2844 perspicuam
1375 2804 1439 2836 582
1452 2802 1563 2834 uomit
1578 2802 1766 2840 Bentleius,
