1855 3088
556 138 747 180 LIBRO
779 137 803 178 I
834 136 1051 180 ADDEN
1053 136 1139 178 DA
1535 136 1615 175 123

128 255 192 286 240
216 252 303 283 Plin.
320 262 374 293 ep.
391 260 414 282 v
431 252 450 282 6
469 252 509 282 14
526 250 573 281 ita
590 250 704 281 leniter
720 253 748 281 et
763 250 887 281 sensim
902 249 992 281 cliuo
1002 249 1141 291 fallente
1156 247 1322 289 consurqit
1338 247 1460 288 (collis)
1477 249 1523 284 ut,
1541 256 1616 277 cum

81 303 252 335 ascendere
269 306 297 334 te
312 312 380 334 non
392 305 500 342 putes,
517 301 642 333 sentias
658 300 854 332 ascendisse.

126 357 190 388 244
213 354 322 385 C.I.L.
341 362 379 384 VI
395 354 504 385 20674
523 354 640 392 (carm.
658 352 763 393 epigr.
784 351 911 384 Buech.
930 352 1008 391 436)
1029 352 1068 383 13
1085 361 1136 392 sq.
1156 351 1221 391 leqe
1236 349 1388 391 perenni,
1411 347 1415 392 Ι
1435 348 1511 380 sisti
1529 358 1613 389 quae

82 408 213 437 cunctos
230 404 316 435 iubet
332 404 375 435 ad
391 403 588 434 uadimonia
603 402 727 434 mortis.

127 458 191 489 245
216 455 480 496 praepositionis
505 453 763 495 monosyllabae
789 453 950 494 ambigue
975 453 1163 485 collocatae
1188 451 1354 493 exemplis
1380 450 1614 483 detrahendus

82 510 134 539 est
150 507 263 548 Copae
279 516 396 537 uersus
412 507 444 542 4,
458 505 519 536 ubi
531 505 681 536 Leonem
695 505 794 545 sequi
806 515 876 536 non
888 504 1003 541 debui,
1017 504 1100 535 ordo
1116 506 1169 535 est
1184 504 1277 535 enim
1293 502 1457 534 excutiens
1472 502 1616 532 calamos

83 557 196 599 (tibias
213 567 288 588 cum
300 556 454 598 folliculo
471 555 589 593 schol„
608 555 749 597 Anglice
772 554 779 567 ‘
794 555 958 596 bagpipes
974 555 998 594 ’)
1017 554 1060 586 ad
1077 554 1224 585 cubitum
1239 566 1247 591 ;
1279 553 1478 585 addendum
1497 552 1555 584 Sil.
1576 560 1616 583 IX

82 609 146 640 429
170 618 252 640 sese
283 607 326 638 in
348 607 545 638 discrimina
567 607 673 638 uertit.
721 606 932 647 Zinzerlingo
956 605 1030 637 Val.
1054 605 1104 637 Fl.
1128 613 1157 636 II
1180 606 1242 636 178
1263 614 1314 645 sq.
1335 604 1468 644 patriae
1489 603 1617 634 uidisse

79 669 139 700 per
161 659 253 699 iqnes
274 657 278 701 Ι
298 658 427 689 culmen
448 658 503 697 aqi
525 661 725 698 straqemque
746 657 844 688 deum
865 657 1110 698 interpretanti
1133 656 1224 696 iqnes
1246 656 1301 695 aqi
1321 665 1381 695 per
1402 654 1533 686 culmen
1555 654 1616 686 ad-

81 702 242 742 miniculo
255 713 308 741 est
321 710 420 750 Verg.
434 709 519 740 Aen.
533 717 572 739 IV
585 709 648 740 670
661 718 711 749 sq.
720 708 941 749 flammaeque
947 707 1096 748 furentes
1118 705 1122 749 Ι
1143 707 1292 738 culmina
1306 716 1428 746 perque
1444 705 1617 737 hominum

81 761 265 793 uoluuntur
284 770 406 801 perque
427 760 571 797 deorum,
595 762 755 800 recteque
777 758 938 790 Klotzius
961 757 1051 790 Stat.
1075 758 1183 789 Theb.
1208 766 1221 789 1
1244 759 1283 789 81
1309 760 1389 788 totos
1412 757 1449 787 in
1469 766 1614 797 poenam

83 812 189 844 ordire
220 815 352 852 nepotes
381 822 443 852 pro
473 820 616 852 poenam
647 810 685 841 in
715 813 847 850 nepotes
876 809 984 841 ordire
1010 810 1163 851 accipere
1192 809 1354 846 uidetur;
1395 811 1517 840 contra
1544 807 1617 839 sine

82 863 152 895 ulla
172 873 276 896 causa
297 862 470 894 Garrodus
491 862 527 893 in
547 870 615 893 VIII
636 862 699 894 653
719 871 770 902 sq.
793 861 840 892 ibi
861 861 992 892 demum
1012 864 1088 892 teste
1107 863 1227 892 remoto
1246 858 1250 903 Ι
1262 860 1361 901 fassa
1378 859 1455 900 pios
1475 858 1616 898 qemitus

82 914 300 954 lacrimasque
315 914 353 944 in
368 913 501 945 lumina
510 913 603 954 fudit
618 913 774 944 ordinem
790 912 1050 954 interpretando
1066 912 1222 949 inuertit‚
1240 921 1350 952 neque
1367 911 1420 942 sui
1436 909 1617 942 dissimiles

82 968 164 997 sunt
187 965 303 1007 Fayus
327 965 501 996 Breiterus
524 964 799 1005 Wageningenus
822 974 902 996 cum
925 963 1017 994 Man.
1042 972 1080 994 IV
1103 964 1212 994 542-4
1238 962 1382 1002 Eriqone
1403 971 1540 1001 surqens
1556 984 1563 991 .
1581 985 1588 991 .
1608 985 1615 991 .

82 1016 150 1048 alta
170 1026 230 1057 per
253 1016 433 1056 imperium
456 1015 570 1046 tribuit
587 1015 730 1056 fastiqia
757 1025 925 1046 summum
951 1017 1115 1046 enarrant
1138 1024 1276 1053 surqens
1295 1023 1355 1053 per
1376 1013 1445 1044 alta
1461 1012 1618 1053 fastiqia.

83 1071 196 1100 cetera
222 1067 432 1099 collectanea
457 1078 527 1098 non
552 1066 696 1107 augebo,
724 1066 790 1098 nisi
815 1069 855 1097 ut
881 1066 995 1097 uersui
1020 1065 1180 1097 Statiano
1207 1065 1284 1096 silu.
1312 1073 1325 1095 1
1351 1065 1370 1096 3
1397 1065 1439 1096 60
1470 1064 1619 1095 adiciam

82 1118 190 1150 Theb.
210 1127 247 1149 IV
265 1119 328 1150 313
346 1127 429 1149 saxa
443 1128 514 1158 per,
533 1126 556 1148 V
574 1119 637 1148 522
656 1121 774 1157 staqna
788 1127 858 1157 per,
878 1125 918 1148 Ix
936 1118 999 1148 552
1017 1116 1162 1157 clipeum
1177 1126 1247 1156 per.
1295 1118 1449 1148 ceterum
1467 1125 1555 1155 quae
1573 1114 1616 1146 de

84 1169 255 1202 Vollmero
271 1169 315 1201 ad
330 1168 420 1200 Stat.
436 1169 511 1200 silu.
528 1177 555 1199 II
572 1170 586 1200 l
604 1169 645 1200 63
660 1178 711 1209 sq.
726 1168 800 1199 dixi
813 1169 864 1199 ita
878 1168 1078 1209 corrigenda
1091 1171 1173 1199 sunt
1188 1170 1228 1198 ut
1242 1177 1303 1208 pro
1321 1166 1328 1178 ‘
1342 1170 1379 1197 et
1393 1166 1437 1198 ad
1454 1166 1545 1206 ipsos
1562 1189 1569 1196 .
1587 1189 1594 1196 .
1611 1189 1618 1196 .

83 1221 189 1262 positi
205 1221 275 1252 sint
290 1221 297 1233 ’
316 1220 450 1262 legatur
469 1218 476 1231 ‘
490 1222 526 1251 et
542 1220 596 1251 his
613 1219 726 1251 uerbis
743 1219 927 1261 significari
944 1218 1037 1250 iuxta
1051 1221 1160 1259 postes
1177 1217 1306 1249 iterabit
1322 1217 1435 1249 oscula
1449 1217 1470 1248 '.

128 1273 192 1305 246
215 1271 341 1311 alliqal.
389 1271 471 1303 Luc.
493 1279 518 1302 x
537 1272 602 1302 255
622 1270 761 1308 Oceano,
782 1270 841 1311 qui
860 1273 961 1301 terras
980 1270 1096 1309 alliqat
1115 1279 1236 1300 omnes.
1284 1269 1408 1301 attulit
1428 1268 1492 1299 Ed.
1513 1267 1620 1299 Muel-

84 1323 172 1354 lerus
191 1322 269 1354 Sen.
288 1332 359 1363 n.q.
380 1330 408 1353 Π
429 1323 444 1353 l
465 1323 485 1353 4
505 1323 637 1362 (utrum
656 1323 762 1361 terra)
781 1321 893 1361 alliqet
911 1331 1015 1362 aquas
1033 1331 1079 1351 an
1096 1320 1194 1361 aquis
1211 1320 1374 1361 alliqetur,
1394 1319 1437 1351 de
1455 1329 1524 1360 quo
1543 1318 1617 1351 loco

84 1374 169 1405 mire
185 1373 318 1405 fallitur
333 1373 515 1405 thesaurus
531 1373 612 1414 ling.
631 1373 708 1404 Lat.
727 1382 740 1404 Ι
756 1383 789 1414 p.
811 1374 895 1404 1684
911 1373 964 1404 27.

130 1427 194 1458 249
217 1424 377 1466 indignor
392 1424 477 1456 mihi
491 1424 676 1456 dicendum
690 1434 762 1456 esse
779 1423 917 1455 iacentis
931 1434 992 1465 pro
1007 1423 1110 1465 plano
1126 1426 1162 1455 et
1176 1433 1286 1464 aequo
1302 1422 1396 1464 poni,
1412 1421 1505 1463 quod
1520 1421 1622 1453 huius

85 1476 246 1507 elementi
262 1475 439 1517 proprium
455 1478 518 1507 est.

131 1529 193 1560 251
217 1526 373 1558 ordinem
403 1537 475 1558 esse
507 1526 564 1557 hoc
591 1536 676 1566 opus
702 1526 758 1557 uis
784 1525 919 1557 animae
945 1525 1067 1558 diuina
1093 1525 1174 1565 reqit
1200 1525 1343 1565 deusque
1370 1524 1470 1555 tacita
1496 1523 1623 1554 ratione

87 1577 253 1617 qubernat,
286 1577 392 1608 uerba
422 1587 514 1608 sacro
550 1580 659 1608 meatu
689 1577 858 1618 conspirat
889 1580 916 1608 et
947 1579 997 1608 διὰ
1031 1578 1130 1615 μέσου
1165 1576 1334 1609 collocata
1365 1585 1448 1613 esse,
1480 1575 1523 1606 de
1554 1585 1623 1615 qua

87 1629 344 1661 constructione
372 1628 417 1660 ad
444 1637 481 1659 1v
509 1629 574 1660 534
600 1629 755 1666 disserui,
784 1628 896 1661 dicere
926 1628 1154 1670 neglexeram,
1183 1627 1277 1668 quod
1304 1627 1481 1659 silentium
1507 1635 1624 1657 meum

88 1679 204 1711 fraudi
239 1679 307 1711 fuit
343 1679 504 1711 thesauro
540 1679 620 1721 ling.
652 1679 729 1711 Lat.
760 1688 799 1711 IV
827 1690 861 1721 p.
897 1681 959 1712 501
997 1680 1093 1711 60-2.
1140 1678 1333 1711 simillimus
1367 1678 1461 1710 locus
1497 1680 1550 1708 est
1587 1685 1624 1707 Iv

87 1731 148 1762 551
166 1740 216 1771 sq.

132 1784 196 1815 258
221 1792 301 1823 pan.
318 1782 465 1814 Messall.
485 1783 546 1814 169
562 1782 638 1813 hinc
651 1782 807 1822 placidus
822 1781 916 1813 nobis
929 1792 989 1822 per
1004 1785 1150 1822 tempora
1165 1780 1304 1813 uertitur
1318 1790 1440 1811 annus.

133 1835 196 1866 261
220 1833 315 1864 haud
335 1834 404 1864 scio
425 1844 471 1865 an
492 1833 616 1864 iniuria
635 1833 842 1865 secluserim.
889 1843 972 1864 nam
991 1833 1057 1864 etsi
1077 1842 1198 1864 uerum
1218 1843 1288 1863 non
1307 1834 1361 1863 est
1379 1841 1424 1862 ex
1444 1839 1499 1862 ΧΠ
1518 1831 1624 1872 signis

87 1894 227 1915 omnem
239 1884 392 1915 fatorum
406 1884 575 1916 rationem
588 1885 668 1916 duci
680 1894 790 1925 neque
803 1884 848 1916 ab
860 1894 899 1916 eo
912 1884 980 1916 dici
992 1884 1176 1925 oportebat
1189 1884 1250 1924 qui
1262 1883 1388 1914 librum
1400 1891 1423 1914 v
1435 1882 1624 1923 scripturus

89 1938 176 1972 erat,
204 1938 324 1966 tamen
350 1935 495 1967 fortasse
522 1936 590 1967 diei
617 1936 781 1977 potuisse,
809 1936 994 1968 accedente
1021 1935 1225 1976 praesertim
1251 1934 1471 1976 planetarum
1498 1944 1559 1975 per
1585 1943 1625 1964 ea

88 1986 282 2018 meantium
303 1986 490 2024 mentione,
512 1986 600 2018 effici
621 1987 760 2018 uidetur
780 1996 823 2018 ex
844 1986 967 2018 Achill.
989 1987 1072 2027 isag.
1096 1987 1138 2018 23
1161 1987 1299 2027 (comm.
1322 1986 1358 2017 in
1378 1985 1475 2017 Arat.
1498 1984 1624 2016 Maass.

87 2047 122 2078 p.
149 2038 190 2068 53
219 2037 338 2077 16-23)
364 2040 449 2076 ἄξιον
475 2040 509 2069 δὲ
533 2040 668 2077 ζητῆσαι
693 2040 744 2069 τί.
761 2062 767 2069 .
784 2040 868 2069 ,τῶν
894 2040 1003 2069 ἄλλων
1030 2039 1167 2069 εἰδώλων
1192 2039 1224 2075 ἐξ
1247 2038 1388 2078 ἀστέρων
1412 2038 1626 2076 συγκειμένων

86 2090 128 2119 τὰ
149 2088 194 2129 ιβ’
216 2090 310 2126 μόνον
334 2089 441 2128 ζῴδια,
459 2091 498 2120 τὰ
517 2091 551 2120 δὲ
568 2091 664 2121 λοιπὰ.
682 2091 784 2130 ἄστρα
801 2091 956 2120 καλεῖται.
1006 2091 1132 2128 μήποτε
1148 2091 1201 2120 οὖν
1215 2113 1222 2120 .
1239 2112 1246 2119 .
1262 2112 1269 2119 .
1284 2090 1331 2120 ὅτι
1352 2090 1379 2119 οἱ
1400 2089 1626 2128 γενεσιαλόγοι

86 2141 149 2171 τὰσ
172 2141 320 2180 γενέσεισ
344 2142 406 2171 τῶν
425 2142 599 2181 ἀνθρώπων
623 2144 675 2172 καὶ
700 2143 772 2181 περὶ
796 2143 882 2180 ζωῆσ
909 2143 962 2172 καὶ
990 2142 1127 2172 θανάτου
1154 2142 1237 2181 πρὸσ
1263 2142 1365 2171 ταῦτα
1393 2142 1549 2171 σκοποῦσι
1575 2141 1627 2170 καὶ

86 2192 164 2222 τοὺσ
194 2193 266 2232 περὶ
296 2193 376 2223 αὐτὰ
407 2193 448 2223 τὰ,
482 2193 578 2233 ζῴδια
610 2194 781 2231 πλάνητασ
812 2194 974 2232 ἀστέρασ;
1016 2191 1142 2233 quibus
1172 2191 1262 2223 adde
1292 2190 1387 2223 Sext.
1419 2201 1510 2232 emp.
1543 2192 1626 2231 πρὸσ

87 2243 177 2283 ἀστρ.
208 2243 229 2273 5
257 2244 284 2273 οἱ
311 2244 550 2285 περιεργότερον
583 2245 833 2285 ἀναβλέψαντεσ
861 2246 911 2274 εἰσ
937 2245 974 2275 τὸ
1002 2245 1150 2284 περιέχον
1181 2245 1338 2274 Χαλδαῖοι
1370 2244 1546 2283 δραστικῶν
1569 2243 1626 2280 μὲν

87 2295 195 2324 αἰτιῶν
229 2295 327 2333 λόγον
362 2296 490 2334 ἐπέχειν
530 2297 629 2334 φασὶν
664 2297 712 2326 εἰσ
746 2297 782 2326 τὸ
816 2297 950 2326 ἕκαστον
986 2296 1047 2325 τῶν
1083 2296 1164 2325 κατὰ
1199 2296 1253 2326 τὸν
1283 2296 1354 2335 βίον
1387 2294 1626 2334 συμβαινόντων

87 2346 245 2385 ἐκβαίνειν
261 2347 339 2376 τοὺσ
355 2347 438 2376 ἑπτὰ
454 2347 606 2387 ἀστέρασ,
627 2348 789 2387 συνεργεῖν
808 2347 841 2377 δὲ
857 2354 898 2377 τὰ.
913 2348 969 2377 τοῦ
985 2347 1139 2385 ζῳδιακοῦ
1154 2347 1242 2386 μέρη.

137 2397 201 2428 269
224 2395 323 2427 deme
344 2396 444 2428 Lucr.
467 2405 490 2428 v
512 2398 576 2428 625
597 2407 662 2437 sq„
684 2397 821 2429 rarioris
842 2397 974 2438 generis
995 2396 1204 2438 exemplum,
1226 2397 1268 2428 de
1290 2406 1358 2437 quo
1380 2395 1454 2428 dixi
1474 2396 1520 2427 ad
1541 2395 1624 2427 Luc.

92 2454 106 2476 1
126 2447 200 2478 637.
243 2447 288 2478 ad
309 2447 448 2488 Vergilii
467 2458 585 2480 uersus
605 2448 665 2479 ubi
689 2448 821 2488 iamque
842 2447 993 2480 secunda
1016 2448 1096 2479 sede
1119 2447 1329 2480 collocatum
1351 2450 1404 2478 est
1427 2447 1516 2478 adde
1540 2446 1625 2477 Aen.

91 2505 145 2528 VII
168 2498 242 2528 637.
290 2498 350 2529 sed
373 2498 542 2530 Martialis
565 2499 701 2530 duobus
723 2498 806 2531 loeis
829 2499 960 2539 iamque
982 2509 1042 2540 pro
1066 2499 1214 2540 simplici
1236 2498 1316 2536 iam,
1340 2501 1380 2529 ut
1402 2507 1544 2538 namque
1564 2507 1625 2539 pro

89 2557 181 2585 nam,
210 2549 364 2589 posuisse
391 2550 541 2587 uidetur,
570 2558 623 2581 VII
650 2551 692 2581 47
720 2551 740 2581 5
767 2560 819 2591 sq.
845 2549 1059 2590 perdiderant
1087 2550 1156 2581 iam
1183 2553 1262 2581 uota
1288 2552 1422 2587 metum,
1449 2558 1628 2589 securaque

86 2598 188 2640 flebat
209 2597 214 2642 Ι
234 2599 382 2637 tristitia,
401 2604 428 2631 et
444 2601 593 2632 lacrimis
617 2601 772 2641 iamque
792 2604 946 2641 peractus
971 2611 1052 2639 eras,
1079 2610 1104 2632 x
1128 2602 1171 2632 48
1198 2602 1214 2632 1
1241 2611 1291 2642 sq.
1318 2600 1452 2631 nuntiat
1476 2603 1628 2631 octauam

91 2648 238 2680 Phariae
250 2660 313 2681 sua
327 2651 422 2682 turba
435 2651 607 2689 iuuencae,
631 2650 635 2694 Ι
656 2655 685 2683 et
695 2652 807 2692 pilata
819 2652 903 2683 redit
926 2652 1081 2692 iamque
1099 2652 1250 2692 subitque
1268 2651 1392 2689 cohors,
1413 2651 1499 2683 item
1524 2650 1626 2682 Silius

92 2710 163 2732 non
175 2700 287 2732 solum
300 2710 369 2733 VIII
381 2703 445 2733 624
460 2703 501 2743 (is
514 2704 607 2734 enim
620 2713 721 2734 uerus
734 2713 897 2735 numerus
910 2705 977 2743 est)
991 2706 1084 2734 tanta
1099 2703 1231 2735 miseris
1256 2703 1405 2743 iamque
1421 2701 1629 2742 impendente

90 2751 195 2782 ruina
210 2752 272 2783 sed
288 2753 395 2784 etiam
413 2761 483 2784 xm
499 2754 561 2785 291
580 2763 632 2795 sq.
651 2753 721 2785 adit
738 2753 853 2786 omnia
875 2754 1030 2796 iamque
1051 2753 1056 2798 Ι
1075 2754 1229 2786 concilia.
1266 2754 1318 2786 De
1331 2753 1465 2785 Manilii
1477 2762 1580 2784 uersu
1591 2755 1630 2784 et

92 2800 154 2833 Sil.
171 2810 197 2833 x
213 2803 278 2835 568
294 2814 365 2835 non
380 2807 477 2836 muto
495 2805 715 2837 sententiam.

137 2855 199 2886 2⁹71
217 2853 338 2894 flemus.
374 2856 548 2888 ἑλικοειδὲσ
572 2858 756 2898 Αἰγόκερωσ
780 2856 943 2889 O.C.A.G.
969 2865 992 2888 v
1017 2857 1055 2888 iii
1081 2867 1115 2899 p.
1144 2857 1186 2888 97
1217 2857 1246 2894 1,
1275 2855 1394 2888 Ludw.
1423 2855 1564 2887 Maxim.
1593 2864 1630 2896 p.
