1855 3088
550 119 740 162 LIBRO
772 119 821 161 ΙΙ
853 119 1157 161 ADDENDA
1546 122 1624 160 137

92 231 199 263 etiam
216 231 299 263 Ven.
350 231 411 263 140
427 239 487 272 per
502 229 566 262 iter
582 231 689 263 etiam
705 230 789 262 Ven.
840 231 897 261 141
919 229 1108 272 girantibus
1125 230 1209 262 Ven.
1253 230 1316 262 168
1335 231 1433 261 extra
1449 229 1628 263 minantur

94 282 178 314 Ven.
228 282 286 313 181
307 283 347 313 ut
361 305 368 313 .
386 305 393 313 .
410 305 417 313 .
433 282 505 322 per]
524 283 558 313 et
572 306 578 312 .
597 306 603 313 .
621 306 628 313 .
644 290 746 322 supra
764 281 847 313 Ven.
867 283 980 322 (super
995 281 1021 312 L
1037 284 1118 312 ante
1135 281 1246 321 corn).
1296 283 1359 314 195
1374 280 1506 312 roribus
1523 281 1622 313 Bodl.

93 334 158 365 203
173 334 365 374 praetereat
382 332 481 364 Bodl.
522 333 586 364 213
602 334 685 364 tunc
697 332 781 363 Ven.
822 331 972 373 scorpius
986 332 1083 363 Bodl.
1124 333 1189 363 228
1205 331 1305 372 positi
1316 332 1423 363 etiam
1435 332 1518 363 Ven.
1559 333 1625 364 229

91 385 125 415 et
142 383 222 415 add.
245 383 317 415 Pal.
364 384 425 415 231
447 382 544 415 terris
564 383 647 414 Ven.
695 384 760 414 240
779 382 925 414 mixtum
943 384 1050 414 etiam
1071 383 1155 414 Ven.
1203 384 1267 414 259
1288 391 1346 424 pes
1367 382 1451 414 Ven.
1499 391 1623 415 cancro

92 434 190 466 Bodl.
230 435 294 466 269
307 433 465 466 autumni
478 434 576 465 Bodl.
617 435 681 465 286
697 433 834 465 dextera
849 435 955 465 etiam
972 434 1055 465 Ven.
1096 435 1160 465 295
1177 434 1375 474 (quadrato)
1388 432 1520 475 ringere
1536 433 1620 465 Ven.

90 486 154 517 310
174 484 337 526 praedicti
357 485 440 516 Ven.
489 486 552 517 315
573 484 708 516 numeri
728 485 835 516 etiam
856 484 940 516 Ven.
988 485 1052 516 323
1075 485 1109 516 et
1128 483 1224 516 uenit
1244 485 1351 516 etiam
1372 484 1456 516 Ven.
1501 485 1565 517 325
1586 483 1623 516 in

90 536 198 568 etiam
219 535 302 567 Ven.
351 537 415 568 338
436 535 588 577 signarat
609 536 693 567 Ven.
741 536 805 568 343
829 536 1020 575 consumet]
1042 544 1247 567 consensum
1270 535 1353 566 Ven.
1402 536 1466 567 344
1487 534 1623 576 trigona

90 586 174 618 Ven.
215 587 279 618 346
302 586 465 618 continuo
489 587 587 618 Bodl.
627 587 691 618 350
712 585 806 618 iubet
827 586 925 618 Bodl.
973 587 1034 618 361
1058 586 1198 627 praedat
1222 586 1306 617 Ven.
1350 587 1414 618 363
1435 587 1623 618 curuantur

91 637 197 669 etiam
217 637 302 669 Ven.
349 638 414 670 368
434 636 575 669 ulterius
596 638 680 669 Ven.
728 639 792 669 377
813 639 984 678 uagantur
1004 637 1110 668 etiam
1131 637 1215 668 Ven.
1260 638 1324 668 427
1346 645 1407 678 par
1430 638 1510 677 (est)
1535 637 1619 668 Ven.

89 689 150 720 431
173 687 329 720 decernet
346 688 430 720 Ven.
478 689 543 720 449
563 697 623 729 per
637 712 644 720 .
661 713 668 719 .
686 712 693 720 .
710 690 822 720 curret
844 688 926 719 Ven.
975 689 1039 719 450
1060 689 1178 729 petens
1199 688 1282 719 Ven.
1331 689 1395 719 454
1413 687 1549 729 propria
1563 712 1570 719 .
1587 711 1595 720 .
1612 711 1619 720 .

87 738 197 780 figura
214 739 298 771 Ven.
346 740 410 771 486
430 748 465 771 se
485 739 619 771 Bentlei
641 742 667 770 δ.
715 740 779 770 543
801 741 919 780 partus
937 739 1036 770 Bodl.
1055 749 1140 770 corr.
1188 740 1251 770 552
1271 738 1398 780 gemini
1416 739 1515 770 Bodl.
1557 739 1621 770 565

86 798 227 822 nemeus
239 789 346 831 agitat
362 790 444 822 Ven.
485 791 548 822 567
566 792 699 822 exortos
714 790 798 821 Ven.
839 791 903 822 569
915 789 1015 821 multi
1031 789 1114 821 Ven.
1155 791 1219 821 595
1235 789 1395 831 relinquit
1409 790 1516 821 etiam
1532 789 1618 821 Ven.

89 842 151 873 620
162 843 277 882 parcet
286 842 392 873 etiam
403 841 486 873 Ven.
524 842 587 872 654
599 850 730 882 quoque
741 842 847 872 etiam
857 841 941 872 Ven.
990 842 1053 872 663
1064 842 1196 872 textum
1205 842 1311 872 etiam
1322 841 1405 872 Ven.
1454 842 1517 872 665
1529 842 1619 881 (nec)

88 890 240 933 iungitur
263 892 346 924 Ven.
396 894 458 924 692
482 894 641 933 pacatam
663 891 797 924 infectis
821 893 927 923 etiam
952 892 1035 923 Ven.
1085 893 1148 923 694
1172 901 1312 933 possum
1335 892 1419 924 Ven.
1468 893 1532 923 714
1555 900 1619 924 nee

86 943 192 974 etiam
219 943 303 975 Ven.
352 944 415 975 715
442 952 521 975 suas
548 943 631 974 Ven.
681 944 744 975 728
769 951 856 983 quae
878 943 985 974 etiam
1007 943 1090 974 Ven.
1138 944 1201 975 730
1224 951 1377 983 quaeque
1400 943 1493 984 prior
1517 942 1617 974 Bodl.

87 1002 174 1035 quae
201 993 322 1026 exhinc
349 994 432 1026 Ven.
482 995 541 1026 731
571 993 697 1035 pariter
722 994 829 1025 etiam
856 994 939 1025 Ven.
988 995 1052 1026 734
1079 993 1257 1025 dimidiam
1282 995 1389 1025 etiam
1416 994 1500 1025 Ven.
1553 995 1616 1026 737

87 1044 242 1085 quodque
259 1054 322 1077 suo
338 1044 426 1077 sicut
442 1046 548 1085 stant]
566 1054 632 1085 quo
649 1044 737 1077 sicut
753 1046 846 1077 stant
862 1045 945 1076 Ven.
995 1046 1058 1077 756
1076 1046 1109 1076 et
1125 1046 1232 1076 etiam
1249 1045 1333 1076 Ven.
1383 1046 1447 1076 758
1464 1043 1512 1076 sic
1529 1044 1614 1076 Ven.

86 1096 149 1127 767
166 1095 310 1127 canendi
333 1096 438 1127 etiam
460 1096 543 1127 Ven.
593 1097 652 1127 771
679 1098 883 1127 reuocentur
906 1095 1004 1127 Bodl.
1054 1098 1117 1127 772
1141 1105 1222 1127 cum
1243 1098 1389 1137 surgunt
1410 1095 1510 1127 Bodl.
1531 1106 1618 1127 corr.

87 1147 149 1178 795
166 1146 304 1188 fastigia
322 1147 420 1178 Bodl.
463 1148 526 1179 796
543 1146 675 1179 anhelis
692 1147 790 1178 Bodl.
839 1148 902 1179 799
915 1146 1059 1178 canendi
1071 1147 1178 1178 etiam
1191 1147 1275 1178 Ven.
1317 1148 1380 1179 816
1394 1146 1504 1178 omnis
1518 1146 1617 1178 Bodl.

85 1199 148 1230 830
179 1199 378 1230 extraneum
408 1198 491 1229 Ven.
533 1198 673 1230 nomine
702 1199 795 1239 prior
823 1198 923 1229 Bodl.
973 1199 1032 1230 831
1062 1197 1168 1237 hunc]
1199 1197 1278 1230 hinc
1309 1198 1392 1229 Ven.
1442 1199 1506 1229 849
1532 1206 1620 1239 quae

85 1248 185 1280 Bodl.
233 1250 296 1281 850
330 1251 464 1280 mature
501 1248 587 1291 regit
620 1250 727 1280 etiam
762 1249 846 1280 Ven.
897 1250 959 1281 877
996 1248 1177 1280 extiterant
1210 1249 1294 1281 Ven.
1344 1251 1407 1281 880
1442 1247 1618 1290 flagrantis

83 1298 228 1332 fulmine
254 1299 380 1332 montis
407 1301 491 1331 Ven.
541 1301 603 1332 882
631 1299 719 1332 cedit
745 1300 828 1331 Ven.
875 1301 938 1332 889
965 1299 1084 1331 uirtuti
1110 1309 1132 1331 a
1158 1300 1242 1332 Ven.
1291 1301 1351 1332 891
1384 1299 1502 1332 orbem
1531 1300 1614 1332 Ven.

85 1352 148 1383 893
179 1351 351 1391 (aduersa)
382 1360 468 1392 quae
498 1352 581 1383 Ven.
631 1353 694 1383 898
723 1351 760 1383 in
788 1360 890 1383 uersu
919 1352 1026 1383 etiam
1050 1352 1134 1382 Ven.
1183 1353 1246 1384 903
1270 1360 1458 1392 causasque
1480 1350 1617 1392 diesque

84 1402 167 1433 Ven.
219 1403 283 1434 904
313 1404 493 1444 utramque
524 1403 630 1434 etiam
662 1403 745 1434 Ven.
795 1403 858 1434 925
890 1404 950 1434 ut.
968 1426 975 1433 .
993 1426 1000 1433 .
1016 1402 1180 1443 gubernet
1211 1402 1309 1434 Bodl.
1357 1404 1420 1434 927
1452 1401 1614 1443 quod...

83 1454 197 1485 mente
226 1454 319 1494 prior
346 1453 444 1485 Bodl.
493 1455 557 1486 929
584 1453 627 1485 ad
654 1462 740 1494 quae
767 1454 851 1485 Ven.
907 1454 970 1485 930
995 1452 1134 1494 suscipit
1159 1454 1266 1485 etiam
1292 1454 1376 1485 Ven.
1425 1454 1488 1486 937
1516 1462 1618 1495 quem

82 1504 188 1536 etiam
203 1504 288 1536 Ven.
336 1505 401 1537 950
417 1506 513 1546 terga
529 1505 629 1537 Bodl.
678 1505 742 1536 958
757 1506 937 1536 consumat
951 1505 1058 1536 etiam
1073 1504 1156 1536 Ven.

580 1686 695 1713 BOOK
725 1686 781 1713 11:
822 1686 1118 1713 COMMENTARY

129 1763 149 1793 3
172 1771 264 1792 nunc
288 1761 402 1792 uerius
426 1763 532 1802 atque
555 1760 641 1792 adeo
665 1771 786 1792 uerum
810 1760 923 1792 iudico
953 1760 1200 1801 Hectoraque
1228 1761 1257 1792 A
1267 1761 1444 1799 eacidae,
1484 1762 1615 1794 scilicet

81 1811 207 1843 uictum
223 1824 230 1843 ε
260 1811 359 1844 Ouid.
375 1815 455 1843 met.
471 1820 526 1843 XII
538 1813 602 1844 365
611 1811 714 1853 facile
725 1811 761 1843 M
773 1822 835 1853 pro
847 1811 1023 1843 Aeacidae.
1071 1811 1129 1843 Sil.
1143 1821 1167 1843 x
1180 1813 1244 1844 309
1253 1823 1329 1853 spes
1342 1812 1362 1843 I
1364 1812 1468 1844 talum
1480 1816 1615 1845 mentes-

82 1872 144 1903 que
159 1862 198 1894 in
213 1862 344 1893 consule
360 1862 483 1902 lap-sae.

129 1916 149 1946 4
172 1913 248 1946 Sen.
267 1913 329 1954 Ag.
349 1915 412 1945 206
429 1913 489 1945 diu
504 1914 609 1945 uictos
625 1913 784 1954 Phryqas.

127 1967 147 1999 5
170 1975 257 1996 remo
283 1968 467 2006 propterea
492 1964 761 2006 improbandum
784 1967 837 1996 est
860 1965 942 2005 quia
968 1964 1083 1997 Vlixes
1109 1965 1203 2007 apud
1229 1965 1422 1998 Homerum
1448 1977 1517 1998 non
1543 1966 1616 2009 ipse

80 2016 236 2057 remigat.
285 2016 425 2047 uidetur
442 2026 561 2047 uersus
579 2016 746 2047 excidisse
762 2016 827 2047 hoo
844 2016 947 2047 modo
962 2027 969 2047 ε

305 2102 521 2133 erroremque
537 2092 633 2124 ducis
649 2092 808 2129 totidem,
826 2095 913 2132 quot
929 2092 1070 2129 uicerat,
1088 2093 1188 2124 annis

282 2142 469 2183 <infestum
486 2143 619 2184 experti
636 2143 816 2174 dominum
833 2144 936 2174 maris
953 2146 1059 2183 atque
1075 2143 1218 2184 renato>

305 2194 494 2225 instantem
512 2194 600 2225 bello
615 2194 859 2234 geminataque
876 2194 1043 2235 Pergama
1058 2197 1178 2235 ponto,

82 2269 138 2302 cui
154 2269 254 2301 alteri
271 2269 359 2301 bello
375 2270 565 2301 succedunt
581 2281 682 2302 uersu
699 2271 718 2302 6
735 2269 854 2301 ultima
870 2280 974 2301 arma.

127 2323 147 2354 8
169 2320 250 2352 dum
277 2320 408 2358 dabat,
440 2321 574 2361 eripuit.
623 2321 703 2353 Sall.
730 2321 810 2353 hist.
836 2321 877 2352 fr.
906 2322 945 2352 12
970 2320 1165 2353 Maurenbr.
1193 2321 1293 2363 (Aug.
1321 2323 1384 2354 ciu.
1412 2322 1467 2355 dei
1491 2332 1534 2355 111
1560 2325 1614 2364 17)

80 2371 163 2404 bella
179 2371 299 2403 ciuilia
315 2375 386 2403 orta
401 2375 491 2409 sunt,
509 2372 589 2403 dum
604 2372 709 2412 pauci
722 2375 868 2412 potentes
883 2396 890 2403 .
908 2396 915 2403 .
933 2396 939 2403 .
956 2372 1198 2404 dominationes
1226 2373 1483 2414 affectabant.

124 2425 210 2456 8-10
234 2422 322 2454 Berl.
352 2423 453 2455 klass.
484 2423 594 2455 Texte
623 2432 646 2455 v
674 2424 693 2454 2
722 2433 755 2465 p.
783 2424 845 2455 134
874 2424 967 2465 (pap.
994 2424 1093 2463 9775)
1119 2423 1164 2455 ad
1191 2424 1384 2456 Homerum
1408 2427 1466 2464 τήν
1493 2426 1521 2457 τ’
1550 2428 1614 2458 ἀπὸ

80 2476 218 2506 Μουσῶν
256 2476 392 2514 ἄφθιτον
426 2476 524 2512 αὐδὴν
544 2473 548 2518 Ι
565 2477 601 2512 ἦν
636 2477 675 2506 σὺ
689 2499 696 2505 .
712 2499 719 2506 .
735 2498 742 2505 .
758 2476 880 2505 πόντοσ
914 2486 967 2506 ‘rto’
999 2476 1090 2506 ὄπωσ
1109 2473 1113 2518 Ι
1129 2477 1276 2507 ἕπτυσασ
1309 2478 1426 2508 ἅλλοισ
1440 2501 1447 2508 .
1463 2501 1470 2508 .
1487 2501 1494 2508 .
1510 2480 1613 2517 φωσὶν

80 2525 131 2557 ἐπ’
154 2526 271 2563 ἀκτάσ,
294 2526 391 2557 anth.
416 2525 488 2557 Pal.
512 2534 552 2557 IX
577 2527 639 2558 184
660 2526 680 2558 3
701 2535 751 2566 sq.
771 2525 939 2566 Ὁμηρικὸν
961 2527 1000 2557 ὅσ
1021 2526 1050 2557 τ’
1071 2528 1136 2558 ἀπὸ
1156 2528 1254 2568 ῥεῦμα.
1274 2525 1278 2570 Ι
1295 2529 1446 2560 ἔσπασασ
1471 2531 1614 2567 οἰκείοισ,

80 2576 266 2617 Στησίχορ’,
291 2580 323 2608 ἐν
348 2578 505 2616 καμάτοισ
529 2578 565 2617 (μ
585 2587 628 2608 ex
650 2587 750 2614 corr„
770 2578 925 2608 καπέτοισ
948 2577 1116 2617 Iahnius),
1139 2579 1298 2620 scriptor.
1317 2578 1359 2610 de
1378 2579 1466 2611 subl.
1491 2581 1531 2613 13
1554 2581 1574 2613 3
1598 2581 1615 2612 ὀ

79 2629 217 2659 Πλάτων
248 2629 313 2659 ἀπὸ
341 2631 397 2659 τοῦ
425 2627 594 2669 Ὁμηρικοῦ
625 2630 727 2659 κείνου
758 2629 903 2667 νάματοσ
933 2631 982 2660 εἰσ
1013 2630 1107 2660 αὐτὸν
1138 2632 1255 2670 μυρίασ
1285 2632 1367 2662 ὄσασ
1399 2633 1614 2672 παρατροπὰσ·

80 2680 394 2719 ἀποχετευσάμενοσ.

127 2732 168 2763 13
192 2729 278 2760 Plin.
298 2730 367 2760 n.h.
387 2738 439 2760 VII
456 2730 497 2761 36
512 2739 655 2769 puerum
665 2729 795 2771 factum
811 2741 850 2761 ex
865 2730 995 2770 uiryine
1011 2731 1071 2762 sub
1086 2731 1289 2771 parentibus.

127 2783 169 2814 15
191 2779 283 2811 laud.
302 2780 402 2811 Herc.
421 2780 553 2820 (Claud.
570 2780 623 2812 ed.
643 2781 728 2812 Birt.
746 2791 778 2822 p.
796 2782 874 2821 403)
893 2782 951 2813 131
970 2792 1088 2822 maqno
1103 2782 1269 2814 cunabula
1283 2786 1376 2823 qrata
1395 2783 1552 2815 Tonanti.

127 2833 167 2865 21
192 2831 320 2869 Pallas,
339 2841 445 2872 quam
463 2831 752 2870 emendationem,
772 2835 813 2864 ut
830 2833 865 2864 in
884 2832 1044 2865 Lucretio
1062 2844 1125 2865 suo
1143 2833 1268 2875 plures,
1287 2845 1308 2866 a
1327 2834 1496 2873 Bentleio‚
1515 2836 1613 2868 cuius
