1855 3088
175 117 228 156 62
765 110 827 152 M.
859 109 1111 152 MANILII

333 225 468 267 dicere
488 224 598 266 bella
617 222 727 265 uteri
745 223 1014 277 mixtumque
1032 221 1076 263 in
1095 221 1225 264 fratre
1244 225 1476 277 parentem,

209 308 278 340 465
334 299 437 355 quin
456 301 500 341 et
519 299 691 340 Medeae
709 302 834 339 natos
853 297 1113 352 fratremque
1131 301 1394 351 patremque,

332 374 430 415 hinc
449 373 580 415 uestis
599 372 792 414 flammas
810 371 924 413 illinc
943 385 1019 426 pro
1038 385 1211 413 munere
1229 371 1378 412 missas

334 448 575 503 aeriamque
594 448 740 502 fugam
758 452 967 501 natosque
986 460 1039 487 ex
1057 445 1223 500 ignibus
1243 459 1389 486 annos.

333 524 446 565 mille
466 522 570 564 alias
588 536 728 563 rerum
747 521 904 576 species
922 520 967 562 in
986 520 1172 562 carmina
1192 520 1373 568 ducent3

334 597 512 639 forsitan
531 596 620 652 ipse
639 596 770 638 etiam
789 595 979 650 Cepheus
997 594 1200 636 referetur¹
1218 594 1263 635 in
1282 598 1416 635 actus.

209 680 279 712 470
334 677 390 722 et,
412 672 446 713 si
466 671 559 726 quis
579 671 720 713 studio
741 669 949 712 scribendi
967 669 1111 711 mitior
1129 668 1221 719 ibit,

335 746 495 788 comica
515 750 726 800 conponet
745 744 866 787 laetis
886 744 1126 800 spectacula
1145 743 1268 794 ludis,

335 821 522 863 ardentis
541 820 704 862 iuuenis
723 824 952 875 raptasque
971 819 1015 860 in
1035 833 1176 860 amore
1195 817 1356 873 puellas

335 896 554 951 elusosque
574 909 692 936 senes
712 894 922 950 agilesque
941 908 1015 949 per
1035 893 1176 935 omnia
1196 907 1351 942 seruos,

336 971 430 1026 quis
449 970 493 1011 in
513 974 666 1011 cuncta
686 983 807 1011 suam
826 968 1029 1024 produxit
1048 967 1213 1009 saecula
1232 967 1370 1008 uitam

210 1054 278 1084 475
335 1045 498 1087 doctior
517 1044 620 1086 urbe
640 1058 716 1085 sua
735 1044 901 1099 linguae
921 1043 999 1084 sub
1019 1042 1119 1084 flore
1139 1042 1380 1092 Menander,

173 1186 334 1223 donastis,
355 1185 457 1217 Mart.
480 1194 535 1216 XII
557 1186 596 1216 19
616 1186 636 1216 2
651 1184 746 1225 foras
765 1195 828 1225 pro
848 1183 948 1221 domi,
970 1183 1070 1216 Ouid.
1093 1192 1200 1214 amor.
1222 1191 1236 1213 1
1255 1183 1274 1214 3
1295 1182 1337 1213 24
1357 1191 1442 1213 uara
1462 1191 1571 1223 paruo
1593 1190 1705 1211 errore

173 1239 209 1269 in
230 1248 311 1269 uera
332 1237 430 1274 abiit,
453 1247 557 1277 quem
579 1236 703 1267 deinde
725 1245 891 1276 magnum
912 1235 1069 1266 fecerunt
1085 1234 1178 1275 salsa
1199 1232 1454 1269 substituendo,
1478 1232 1555 1263 qu.
1579 1240 1620 1263 IX
1644 1232 1706 1263 106

173 1289 293 1321 similis
317 1289 418 1320 series
443 1291 506 1323 est,
526 1287 584 1328 fac
607 1291 693 1324 eant,
719 1290 856 1324 taceant,
881 1286 1043 1323 clament;
1081 1285 1161 1317 uide
1185 1285 1292 1316 etiam
1315 1283 1638 1316 Drakenborchium
1662 1282 1708 1313 ad

174 1340 232 1372 Sil.
252 1349 290 1371 IV
309 1341 373 1372 209
391 1343 427 1371 et
445 1339 657 1370 Lobeckium
675 1338 843 1379 Aglaoph.
864 1348 896 1379 p.
918 1339 981 1370 353
1068 1339 1133 1370 464
1152 1336 1329 1368 Bentleius
1348 1335 1470 1367 attulit
1489 1335 1578 1367 Stat.
1596 1333 1704 1365 Theb.

175 1400 214 1423 XI
241 1393 304 1423 407
332 1402 381 1431 sq.
410 1394 473 1421 stat
499 1389 784 1430 consanyuineum
810 1399 926 1429 campo
952 1388 1068 1425 scelus,
1095 1388 1200 1419 unius
1226 1387 1343 1427 irzyens
1366 1385 1370 1429 Ι
1390 1386 1510 1418 bellum
1535 1385 1620 1417 uteri

218 1442 323 1475 fratre
345 1442 409 1481 GL,
432 1444 536 1473 statre
557 1441 594 1473 M
685 1443 748 1474 465
770 1451 836 1472 om.
861 1440 935 1472 cod.
959 1440 1112 1472 Venetus
1203 1438 1285 1480 quin
1306 1440 1339 1470 et
1360 1438 1548 1475 Bentleius,
1570 1436 1709 1468 medeae

176 1495 250 1526 cod.
276 1494 380 1531 Flor.‚
406 1495 591 1534 queretune
614 1492 696 1524 deae
719 1492 766 1530 M,
791 1492 882 1523 idem
905 1492 976 1522 fere
999 1490 1024 1523 L
1049 1492 1182 1531 (queres
1205 1490 1271 1529 12²),
1297 1498 1457 1530 quaerere
1480 1491 1563 1521 tune
1586 1487 1646 1520 dee
1670 1486 1709 1526 G,

174 1549 329 1586 quaerent
343 1545 501 1576 Iacobus.
550 1554 713 1584 quaerere
727 1546 851 1584 poetae
865 1542 1006 1574 Medeae
1019 1543 1184 1579 facinora,
1200 1542 1228 1573 si
1241 1541 1337 1572 illam
1352 1541 1531 1572 materiem
1546 1542 1709 1581 appetere

175 1596 396 1637 intellegendi
420 1598 534 1627 essent
558 1597 684 1635 (neque
707 1595 812 1625 aliam
839 1594 1161 1635 interpretationem
1188 1593 1400 1624 comminisci
1426 1592 1541 1632 queo),
1567 1591 1710 1622 obscure

175 1648 379 1679 dicerentur.
427 1647 510 1686 quin
536 1650 563 1677 et
590 1646 738 1678 habetur
764 1654 778 1676 1
802 1646 865 1677 896
955 1647 1055 1676 natos
1078 1643 1143 1682 GL,
1168 1645 1267 1675 notos
1290 1643 1326 1674 M
1417 1644 1482 1675 466
1507 1642 1584 1673 hinc
1607 1640 1710 1672 uestis

168 1700 329 1741 flammas
352 1698 456 1735 illinc,
481 1708 533 1729 res
557 1708 646 1738 quae
669 1698 760 1734 hinc,
785 1707 805 1728 a
828 1697 941 1728 forma
964 1699 1000 1727 et
1023 1697 1145 1737 specie,
1170 1698 1284 1726 uestes
1307 1697 1417 1731 erant,
1442 1693 1546 1731 illinc,
1570 1703 1591 1724 a
1614 1693 1650 1724 ui
1673 1695 1708 1724 et

176 1751 314 1786 effectu,
329 1750 500 1785 flammae,
515 1748 810 1789 quemadmodum
824 1748 950 1779 dicitur
964 1747 1064 1788 Prop.
1080 1755 1108 1777 11
1121 1747 1163 1778 28
1178 1748 1215 1777 61
1232 1746 1331 1777 diuae
1344 1755 1433 1776 nunc
1447 1748 1522 1776 ante
1535 1744 1707 1780 iuuencae,

176 1803 206 1833 ei
229 1811 318 1842 quae
339 1811 430 1831 nunc
453 1800 535 1831 diua
556 1803 619 1837 est,
643 1803 724 1830 ante
746 1802 863 1830 autem
885 1799 1031 1829 iuuenca
1051 1798 1129 1829 fuit.
1178 1797 1273 1838 quod
1294 1797 1493 1837 Postgatius
1515 1795 1589 1826 silu.
1613 1794 1706 1825 Man.

176 1863 208 1894 p.
235 1854 276 1883 52
300 1852 442 1888 fatetur,
468 1862 502 1882 se
525 1861 663 1882 uersum
686 1861 756 1881 non
779 1849 986 1890 intellegere,
1011 1849 1115 1880 ceteri
1137 1849 1240 1880 inuiti
1263 1847 1452 1879 ostendunt
1542 1855 1602 1887 pro
1626 1844 1708 1883 GL2,

176 1912 235 1945 per
258 1903 321 1934 LM
344 1902 418 1934 cod.
445 1903 597 1934 Venetus
686 1910 828 1932 munere
852 1900 917 1939 GL,
942 1909 1105 1932 munerae
1128 1899 1174 1938 M,
1199 1908 1343 1930 munera
1366 1898 1440 1930 cod.
1466 1897 1619 1929 Venetus

221 1957 284 1988 467
301 1956 401 1986 natos
419 1954 578 1990 Iacobus,
595 1955 713 1984 nectos
731 1952 796 1990 GL,
814 1954 914 1984 notos
931 1952 967 1983 M
985 1953 1083 1992 (item
1101 1951 1301 1992 apographa
1318 1950 1501 1982 Vrbinatia
1518 1952 1553 1980 et
1570 1948 1706 1980 Vossia-

175 2008 275 2045 num)
294 2009 334 2037 ut
350 2007 415 2036 465
433 2008 468 2036 et
487 2006 561 2036 658.
610 2004 704 2045 quod
722 2004 878 2045 proxime
896 2014 916 2034 a
933 2003 1028 2034 libris
1045 2003 1145 2034 abest
1161 2006 1250 2033 ‘nelos
1267 2012 1337 2033 non
1355 2002 1439 2032 satis
1456 2003 1600 2032 tuentur
1617 1999 1707 2031 Stat.

175 2058 281 2089 Theb.
301 2065 338 2088 1v
356 2058 418 2088 600
436 2066 485 2096 sq.
505 2055 561 2086 hos
572 2055 681 2096 ferrea
698 2059 832 2086 neuerat
848 2065 954 2086 annos
976 2052 980 2097 Ι
1000 2055 1144 2094 Atropos
1160 2056 1195 2085 et
1215 2064 1305 2084 cons.
1325 2052 1398 2084 Liu.
1420 2053 1481 2084 164
1501 2051 1585 2083 hanc
1605 2050 1709 2082 lucem

175 2109 271 2140 celeri
298 2107 426 2139 turbine
453 2107 562 2138 Parca
589 2110 675 2143 neat,
702 2106 763 2137 ubi
790 2106 918 2137 Parcae
945 2106 1121 2136 mentione
1147 2105 1315 2136 minuitur
1342 2103 1524 2135 locutionis
1551 2102 1706 2133 audacia.

178 2160 386 2191 calefactum
413 2159 563 2189 ahenum
590 2158 715 2189 Aesoni
741 2157 887 2188 alteram
913 2160 1065 2188 aetatem
1091 2157 1234 2197 peperit.
1283 2156 1343 2196 qui
1368 2154 1438 2186 tale
1464 2156 1708 2195 argumentum

176 2211 374 2252 tragoediae
406 2210 588 2241 conuenire
618 2212 758 2249 negant,
790 2208 877 2239 Iolai
907 2211 942 2239 et
973 2207 1148 2248 Euripidis
1178 2206 1441 2238 Heraclidarum
1472 2205 1571 2236 obliti
1601 2206 1707 2241 sunt;

176 2263 237 2303 qui
264 2272 379 2292 rerum
407 2261 563 2292 ordinem
590 2261 717 2291 inuerti
744 2262 947 2300 queruntur,
976 2259 1082 2290 etiam
1109 2259 1145 2290 in
1172 2259 1237 2289 465
1265 2258 1403 2289 haerere
1431 2256 1615 2287 debebant.
1664 2263 1708 2285 ΠΙ

177 2314 262 2345 9-13
286 2312 443 2343 Colchida
464 2322 520 2342 vec
541 2311 680 2352 referam
700 2310 893 2342 uendentem
913 2320 1011 2350 reqrza
1030 2310 1181 2350 parentis
1204 2308 1207 2352 Ι
1228 2312 1256 2340 et
1276 2309 1419 2340 lacerum
1434 2307 1572 2348 fratrem
1593 2310 1707 2346 stupro

178 2389 185 2395 .
208 2389 214 2395 .
236 2389 242 2395 .
261 2367 289 2395 et
318 2363 475 2394 reduces
506 2373 630 2394 annos
659 2372 803 2402 auroque
847 2361 1003 2393 incendia
1041 2360 1134 2402 facta
1156 2359 1160 2403 Ι
1180 2364 1208 2392 el
1251 2360 1336 2391 male
1379 2362 1547 2399 conceptos
1588 2361 1707 2398 partus

173 2416 334 2456 peiusque
353 2418 480 2445 necatos
572 2416 636 2446 468
654 2413 738 2444 alias
757 2414 784 2444 F
786 2413 846 2444 lor.
867 2416 902 2444 et
921 2412 1033 2449 Bodl.,
1053 2411 1139 2444 aliae
1158 2411 1249 2443 GLM
1338 2411 1426 2442 falso
1445 2421 1487 2441 ex
1505 2410 1541 2441 M
1558 2410 1707 2441 relatum

176 2470 228 2498 est
259 2467 381 2497 ducant
473 2468 536 2498 469
567 2465 681 2497 cefeus
710 2464 757 2503 M,
790 2466 901 2496 cestus
931 2464 967 2502 L,
1000 2465 1113 2504 gestus
1144 2463 1213 2494 GL2
1304 2464 1401 2494 actus
1431 2462 1591 2502 Scaliger,
1622 2460 1708 2492 actis

177 2519 255 2550 libri
347 2519 411 2550 470
430 2517 501 2553 ibit,
520 2518 594 2547 erit.
643 2516 737 2548 Seru.
757 2526 869 2557 georg.
889 2524 903 2546 1
920 2516 962 2547 29
983 2515 1048 2546 ‘ire
1060 2515 1067 2527 '
1086 2518 1208 2545 ueteres
1222 2524 1285 2554 pro
1304 2514 1389 2544 ‘esse
1401 2513 1408 2525 ⁷
1426 2513 1585 2549 dicebant,
1604 2512 1705 2553 Prop.

176 2579 204 2600 Π
230 2570 272 2601 34
298 2570 339 2599 45
366 2578 433 2599 non
459 2568 557 2598 tutior
583 2567 647 2598 ibis
672 2567 814 2598 Homero
906 2568 969 2599 471
996 2567 1176 2606 componet
1201 2564 1281 2603 GL²‚
1306 2564 1467 2605 conponit
1490 2563 1554 2595 LM
1644 2565 1708 2596 4'73

175 2621 283 2652 eluso-s
306 2629 398 2650 senes
422 2629 463 2650 ex
488 2619 572 2649 Hor.
598 2629 697 2649 serm.
723 2627 737 2649 1
762 2619 802 2650 10
825 2619 867 2649 40
892 2628 942 2658 sq.
971 2617 1069 2648 Dauo
1088 2642 1094 2648 .
1115 2642 1122 2648 .
1142 2641 1149 2648 .
1169 2616 1338 2648 Chremeta
1361 2614 1365 2659 Ι
1385 2615 1531 2647 eludente
1553 2625 1663 2646 senem

266 2673 329 2704 475
355 2669 484 2701 doctior
509 2669 582 2707 LM,
610 2669 726 2701 doctor
752 2668 780 2700 G
869 2668 951 2700 urbe
978 2667 1006 2699 G
1032 2668 1105 2699 cod.
1135 2668 1298 2704 Venetus,
1326 2666 1404 2698 orbe
1430 2666 1503 2698 LM.
1553 2666 1709 2697 ‘doctior

176 2724 287 2755 doctis
310 2722 478 2753 Athenis’
504 2721 662 2757 Iacobus,
686 2724 726 2751 ut
750 2721 850 2761 Prop.
876 2729 890 2751 1
913 2721 932 2751 6
958 2721 997 2751 13
1021 2723 1057 2751 et
1080 2719 1161 2751 alibi
1184 2719 1403 2760 appellantur
1492 2718 1625 2757 linquae
1647 2716 1707 2748 sub

171 2776 266 2816 flore,
286 2778 363 2805 tum
383 2784 462 2804 cum
482 2773 598 2813 lingua
618 2772 748 2804 Graeca
770 2775 875 2812 atque
895 2771 1014 2802 Attica
1033 2771 1189 2808 florebat,
1212 2773 1350 2809 ἤκμαζεε
1377 2769 1437 2801 sab
1459 2768 1648 2810 temporale
1667 2772 1707 2799 ut

178 2835 221 2858 ΠΙ
237 2827 311 2857 245.
361 2828 481 2856 contra
498 2825 714 2866 Phrynichus
731 2823 960 2855 Menandrum
972 2824 1163 2854 insectatur
1175 2826 1357 2863 tamquam
1373 2831 1499 2862 purum
1516 2829 1707 2852 sermonem
