1855 3088
173 98 224 136 12
761 97 821 139 M.
855 97 1106 140 MANILII

327 214 403 250 aut
422 210 510 251 solo
530 213 725 251 uectatus
746 224 854 264 equo
874 224 987 251 nunc
1007 224 1124 251 arma
1143 210 1346 259 monebit,

326 298 438 325 nunc
458 284 567 339 leget
586 284 630 325 in
649 284 774 339 longo
794 299 868 338 per
888 299 1056 325 cursum
1076 285 1263 339 praemia
1283 285 1403 326 circo.

227 365 271 396 90
327 358 534 413 quidquid
553 359 605 400 de
625 359 703 400 tali
723 359 864 400 studio
885 359 1093 400 formatur
1111 358 1299 400 habebit.

326 432 423 473 hinc
442 432 546 473 mihi
566 433 812 474 Salmoneus
834 433 923 488 (qui
943 433 1105 474 eaelum
1124 433 1317 474 imitatus
1336 433 1381 474 in
1400 433 1512 483 orbe,

324 507 526 561 pontibus
545 507 738 562 inpositis
757 507 977 562 missisque
997 522 1071 562 per
1091 522 1187 548 aera
1207 507 1420 562 quadrigis

324 581 573 636 expressisse
593 596 745 623 sonum
763 582 912 623 mundi
931 582 1011 623 sibi
1030 582 1145 623 uisus
1166 587 1209 623 et
1227 581 1368 636 ipsum

324 656 561 697 admouisse
582 656 730 697 Iouem
748 656 882 706 terris,
905 656 1008 698 dum
1027 656 1205 698 fulmina
1225 656 1347 711 fingit

224 737 268 768 95
324 730 466 781 sensit,
488 736 531 772 et
550 731 743 772 inmissos
762 731 879 786 ignes
899 746 1023 786 super
1042 731 1131 786 ipse
1151 736 1320 773 secutus

161 865 257 906 quod
288 865 496 898 haberemus
528 867 557 898 si
591 867 883 908 coniungerentur
915 867 1041 898 uolabz't
1070 877 1131 907 per
1163 866 1247 898 colla
1280 867 1464 898 uolantum.
1512 866 1566 898 his
1599 866 1700 898 malis

160 917 320 948 medetur
343 927 450 958 quam
475 928 567 949 anno
594 919 678 950 1900
703 918 834 959 protuli
858 918 1057 949 coniectura
1078 929 1212 958 pesque,
1233 917 1378 949 uolubile
1404 928 1499 955 onus,
1521 917 1620 954 ludet,
1645 918 1701 949 cui

159 971 280 1000 tamen
297 972 332 1000 et
348 969 415 1010 ipsi
431 969 531 1001 obest
548 969 725 1001 dubitatio
743 970 784 1000 de
802 969 935 1010 dactyli
951 980 1021 1001 una
1037 980 1122 1000 uoce
1139 969 1378 1010 comprehensi
1393 969 1429 1000 in
1446 969 1596 1000 secundo
1613 969 1701 1010 pede

159 1019 311 1057 elisione,
333 1030 440 1061 quam
460 1021 497 1052 in
518 1024 645 1061 quarto
666 1021 829 1061 quamuis
849 1031 965 1052 raram
986 1024 1039 1052 ter
1060 1020 1222 1052 Manilius
1243 1020 1395 1057 admisit,
1417 1029 1446 1051 11
1468 1022 1541 1057 704,
1564 1029 1602 1051 1v
1622 1021 1700 1058 466,

157 1072 235 1108 473,
255 1071 291 1102 111
310 1071 462 1103 secundo
483 1072 628 1104 Ouidius
647 1072 774 1103 remed.
799 1073 861 1104 143
881 1076 916 1103 et
936 1072 1263 1113 metamorphoseon
1283 1075 1361 1103 octo
1380 1072 1548 1109 uersibus,
1569 1071 1700 1112 aliquo-

159 1123 249 1154 tiens
263 1123 370 1154 etiam
383 1124 420 1154 in
434 1123 550 1160 tertio,
566 1123 663 1155 uelut
677 1126 759 1154 met.
776 1132 846 1154 XIII
861 1125 924 1155 625
938 1124 1125 1155 uenerabile
1138 1134 1234 1160 onus,
1249 1134 1422 1164 nusquam
1436 1126 1536 1154 extra
1549 1124 1701 1165 primum

159 1177 195 1205 et
218 1175 383 1215 quintum
407 1175 569 1206 Lucanus
630 1175 846 1216 pyrrichium
870 1175 1012 1216 quidem
1035 1174 1197 1206 Manilius
1221 1175 1257 1206 in
1279 1175 1344 1206 hac
1365 1175 1444 1206 sede
1465 1178 1590 1216 quater
1610 1174 1702 1206 elisit

159 1227 257 1266 (nam
280 1236 383 1266 'neque
407 1237 478 1257 non
501 1237 657 1263 numero,
683 1236 813 1267 sepono
837 1230 957 1257 autem
981 1227 1262 1258 emendationem
1286 1237 1400 1258 meam
1419 1235 1457 1257 IV
1476 1227 1568 1266 413),
1589 1234 1603 1257 1
1624 1227 1699 1263 123,

159 1285 187 1308 11
202 1278 278 1314 523,
294 1286 338 1308 111
353 1278 428 1314 350,
445 1286 484 1308 1v
498 1279 563 1309 482
580 1277 648 1317 (bis
663 1281 805 1309 tantum
822 1277 968 1309 Ouidius
983 1278 1053 1310 her.
1072 1286 1127 1308 XII
1144 1278 1205 1309 103
1221 1280 1257 1309 et
1274 1281 1339 1308 art.
1356 1286 1400 1308 m
1414 1279 1490 1314 411,
1506 1287 1700 1318 numquam

159 1328 347 1369 Lucanus),
382 1328 487 1360 semel
523 1329 560 1360 in
596 1332 723 1370 quarto
760 1329 847 1370 pede
884 1337 913 1360 11
948 1331 1010 1361 184
1044 1332 1090 1366 et,
1124 1329 1219 1370 quod
1246 1329 1418 1360 rarissime
1450 1329 1502 1365 fit,
1531 1329 1567 1360 in
1595 1329 1700 1360 tertio

157 1388 202 1411 111
224 1382 299 1411 557.
347 1390 440 1411 nunc
468 1381 578 1421 magis
610 1380 719 1421 probo
749 1391 872 1421 pesque
899 1380 1026 1412 uolabit
1056 1391 1154 1421 equos
1182 1380 1283 1411 iuter
1307 1391 1368 1421 per
1395 1380 1480 1411 colla
1505 1380 1700 1417 volumnum

157 1431 218 1462 sed
242 1432 421 1463 occasione
451 1431 570 1463 oblata
599 1432 793 1463 emendabo
824 1432 921 1463 anth.
951 1432 1028 1463 Lat.
1066 1432 1157 1463 Ries.
1191 1433 1255 1464 395
1286 1433 1328 1464 36
1360 1432 1498 1472 (Baehr.
1531 1431 1660 1463 P.L.M.
1686 1439 1700 1462 1

157 1493 189 1524 p.
221 1484 312 1523 209),
342 1484 402 1515 ubi
430 1483 652 1515 scribendum
680 1486 733 1514 est
761 1484 934 1524 captiuam
956 1483 1017 1524 filo
1045 1483 1193 1523 qaudens
1221 1483 1376 1524 reliqasse
1404 1483 1569 1520 lacertam,
1592 1481 1596 1526 Ι
1616 1493 1700 1523 quae

156 1545 322 1574 suspensa
354 1545 458 1566 manu
489 1535 628 1566 mobile
659 1534 745 1566 ludit
775 1545 873 1566 onus
905 1536 1004 1575 (opus
1035 1534 1152 1575 libri):
1197 1534 1329 1566 lacerta
1359 1545 1483 1566 manus
1516 1545 1603 1566 onus
1633 1537 1698 1571 est,

157 1586 292 1617 nullum
318 1596 404 1627 opus
428 1586 531 1623 ludit,
556 1596 669 1627 neque
694 1586 890 1627 comparari
914 1586 1036 1618 debuit
1060 1586 1153 1618 Petr.
1180 1587 1221 1618 80
1247 1587 1267 1617 9
1294 1587 1308 1618 1
1336 1586 1484 1617 calculus
1501 1610 1508 1617 .
1529 1610 1535 1617 .
1556 1610 1563 1617 .
1582 1585 1700 1617 mobile

156 1637 247 1668 ducit
267 1648 353 1677 opus
445 1640 487 1671 88
507 1639 665 1669 uectatus
686 1637 733 1676 M,
755 1639 914 1669 nectatur
935 1637 989 1669 GL
1080 1648 1175 1669 arma
1197 1637 1349 1674 monebit,
1371 1646 1409 1668 IV
1431 1638 1494 1668 227
1516 1637 1700 1668 simulacra

154 1688 288 1729 placent
312 1692 341 1720 et
365 1688 464 1720 ludus
488 1689 526 1720 in
550 1689 654 1720 armis
746 1692 788 1722 89
811 1688 900 1730 leget
923 1689 1105 1720 Turnebus
1129 1689 1209 1720 adu.
1235 1697 1334 1720 XXIH
1357 1699 1384 1720 c.
1411 1690 1467 1726 27,
1491 1688 1571 1720 licet
1594 1688 1696 1721 libri:

156 1741 350 1772 contrarius
365 1751 459 1772 error
474 1740 576 1771 Aetn.
597 1741 660 1772 138
750 1749 890 1772 cursum
906 1740 952 1778 M,
969 1749 1089 1772 cursus
1106 1740 1160 1771 GL
1251 1740 1403 1771 Turnebi
1418 1740 1698 1771 emendationem

156 1791 307 1833 Scaliger
332 1795 367 1823 et
396 1791 573 1823 Bentleius
599 1791 820 1833 ignorabant,
849 1802 869 1823 a
896 1791 1062 1823 Stoebero
1089 1795 1398 1823 commemoratam
1425 1791 1574 1823 Iacobus
1599 1792 1697 1823 inuo-

155 1843 244 1874 lauit
259 1855 266 1880 ;
300 1842 486 1880 intellexit,
509 1846 683 1884 quantum
705 1843 847 1883 quidem
868 1846 1026 1884 apparet,
1043 1853 1155 1874 nemo.
1204 1843 1293 1883 leyet,
1310 1843 1375 1874 hoe
1392 1846 1444 1874 est
1460 1842 1561 1874 tollet
1577 1843 1696 1880 humo,

155 1895 311 1936 praemia
330 1905 391 1936 per
412 1895 491 1926 circi
511 1895 666 1936 spatium
687 1895 868 1936 disposita,
889 1895 995 1935 idque
1012 1905 1073 1935 per
1093 1905 1237 1932 cursum,
1259 1904 1349 1935 equo
1369 1905 1439 1926 non
1458 1894 1608 1926 inhibito

201 1949 243 1980 90
275 1955 314 1977 IV
347 1947 411 1978 228
445 1956 495 1987 sq.
531 1946 664 1977 discunt
682 1970 688 1977 .
709 1970 716 1977 .
736 1970 743 1977 .
762 1946 986 1986 quodcumque
1017 1946 1098 1986 pari
1130 1946 1280 1977 studium
1309 1946 1507 1986 producitur
1539 1949 1607 1977 arte

201 2000 310 2031 91—96
333 1998 508 2029 enuntiati
530 1997 669 2029 relatiui
692 1997 752 2038 qui
775 1997 940 2028 circuitus
963 2001 1053 2029 esset
1075 1998 1183 2029 sensit
1206 1997 1366 2039 Scaliger,
1390 1997 1546 2029 membra
1568 1997 1696 2029 rectius

155 2049 317 2080 distinxit
353 2049 531 2080 Bentleius
623 2052 663 2082 91
698 2048 854 2080 imitatus
889 2049 925 2080 M
960 2050 1050 2080 sicut
1085 2050 1278 2081 coniecerat
1313 2049 1505 2086 Reinesius,
1540 2049 1697 2081 imitatur

155 2100 209 2132 GL
301 2101 380 2133 orbe
409 2100 475 2139 GL,
504 2100 588 2132 urbe
616 2100 653 2132 M
680 2100 855 2141 probante
885 2100 1056 2137 Bentleio,
1086 2101 1181 2141 quod
1209 2101 1291 2132 ferri
1319 2111 1419 2141 posse
1447 2101 1637 2132 iudiearem
1666 2101 1695 2132 si

154 2152 358 2183 accederent
375 2151 493 2193 qualia
508 2152 545 2183 in
562 2152 661 2193 Verg.
681 2152 766 2183 Aen.
785 2160 823 2182 VI
841 2153 905 2183 588
923 2152 1097 2183 habentur
1110 2162 1172 2192 per
1189 2152 1329 2183 Graium
1343 2152 1488 2192 populos
1505 2152 1695 2193 mediaeque

151 2214 212 2244 per
243 2204 355 2235 Elidis
384 2204 518 2235 urbem:
562 2214 654 2235 nunc
684 2202 797 2235 multo
826 2203 949 2234 melius
978 2203 1073 2234 caelo
1103 2204 1296 2235 contrarius
1325 2204 1467 2244 ponitur
1496 2204 1598 2240 orbis,
1628 2204 1694 2235 hoc

153 2258 206 2286 est
225 2259 328 2292 terra,
349 2258 389 2286 ut
408 2263 421 2285 1
441 2256 562 2291 744-7,
581 2256 645 2286 829
662 2265 726 2295 sq.‚
744 2256 808 2286 874
825 2265 889 2295 sq.‚
907 2255 982 2291 926,
1000 2263 1029 2285 11
1045 2255 1120 2291 378,
1139 2255 1199 2286 791
1295 2257 1337 2288 92
1355 2255 1515 2296 pontibus
1535 2254 1600 2287 GM
1616 2255 1691 2286 cod.

154 2307 319 2343 Venetus,
344 2306 518 2338 montibus
542 2306 577 2337 L.
626 2306 895 2347 ambiguitatem
919 2306 1086 2337 sermonis
1110 2305 1305 2338 Gronouius
1329 2307 1491 2344 notauit;
1530 2306 1695 2338 dicuntur

153 2358 257 2395 enim,
273 2361 314 2389 ut
329 2358 437 2389 sensit
453 2357 614 2398 Scaliger,
631 2357 820 2398 quadrigae
835 2357 1002 2398 pontibus
1018 2358 1125 2388 aereis
1140 2358 1324 2398 impositae
1339 2368 1399 2398 per
1414 2368 1541 2398 eosque
1556 2358 1691 2389 missae.

153 2409 293 2441 Seruius
311 2409 395 2440 Aen.
416 2418 454 2439 VI
472 2410 536 2440 585
548 2408 714 2449 fabricato
729 2412 829 2449 ponte
847 2419 939 2439 aereo
957 2419 1058 2449 super
1075 2419 1150 2440 eum
1168 2409 1313 2449 ayitahat
1330 2419 1447 2440 currus
1465 2409 1509 2440 ad
1525 2409 1693 2441 imitanda

152 2471 300 2501 superna
324 2461 482 2497 tonitrua,
507 2463 536 2491 et
559 2460 597 2491 in
620 2470 716 2500 quem
733 2460 857 2500 fuisset
880 2460 1047 2491 iaculatus
1065 2459 1177 2500 facem
1200 2471 1276 2491 eum
1300 2460 1430 2492 iubebat
1453 2461 1560 2492 occidi
1651 2464 1692 2494 93

151 2522 272 2543 sonum
288 2511 418 2548 mundi,
436 2511 535 2551 Verg.
554 2511 639 2542 Aen.
658 2520 697 2541 VI
713 2512 777 2542 586
793 2511 924 2542 sonitus
940 2511 1092 2542 imitatur
1109 2511 1256 2552 Olympi,
1274 2522 1378 2552 quem
1395 2522 1533 2543 uersum
1549 2512 1692 2543 Manilio

152 2566 277 2595 notum
296 2563 402 2594 fuisse
423 2565 570 2603 apparet
662 2565 704 2595 94
724 2561 918 2594 admouisse
939 2561 1005 2601 GL,
1027 2564 1129 2603 atque
1149 2562 1299 2594 mouisse
1319 2563 1356 2594 M
1446 2563 1530 2595 dum
1545 2562 1694 2595 fulmjna

152 2615 285 2656 egregie
299 2614 326 2645 Ι.
343 2614 485 2645 Vossius
500 2617 590 2644 teste
605 2613 734 2644 Iacobo
750 2614 861 2653 (cuius
876 2613 956 2644 uide
970 2624 1003 2654 p.
1023 2614 1108 2653 xiv),
1124 2613 1164 2645 de
1179 2614 1325 2645 fulmine
1341 2614 1429 2651 libri,
1446 2614 1530 2645 male
1538 2614 1692 2655 fulmina

145 2665 235 2708 finqi
254 2664 432 2696 Bentleius
525 2667 566 2698 95
588 2664 761 2696 immissos
788 2664 984 2695 Gronouius
1008 2665 1079 2696 obs.
1106 2673 1149 2695 m
1172 2675 1199 2696 0.
1223 2667 1274 2702 15,
1299 2664 1472 2697 inmensos
1498 2665 1612 2704 (imm-
1623 2664 1692 2706 GL)

151 2717 242 2754 libri,
260 2717 332 2748 sine
349 2726 450 2748 sensu
466 2728 473 2747 :
504 2717 565 2747 501
585 2715 805 2756 inmissosque
824 2715 920 2756 refert
936 2716 1029 2756 iqnes
1048 2720 1076 2747 et
1089 2716 1241 2757 fulmina
1257 2717 1371 2748 reddit.
1420 2717 1480 2748 sed
1496 2716 1692 2748 Gronouius

154 2779 254 2800 suam
267 2768 548 2800 emendationem
565 2777 747 2808 perperam
763 2767 1014 2808 interpretatus
1030 2770 1083 2799 est
1099 2778 1211 2809 neque
1227 2768 1400 2799 intellexit
1412 2768 1507 2809 ignes
1519 2778 1606 2809 quos
1619 2768 1690 2800 Sal-

155 2830 299 2852 moneus
315 2830 419 2861 super
435 2822 574 2850 secutus
591 2819 637 2850 sit
653 2819 844 2850 necessario
860 2819 967 2860 ipsius
984 2829 1068 2856 esse,
1085 2830 1155 2850 non
1173 2820 1277 2851 Iouis.
1327 2819 1382 2851 ille
1399 2830 1438 2850 eo
1455 2830 1497 2850 ex
1515 2819 1691 2861 quadrigis
