1855 3088
195 97 250 134 46
786 93 847 135 M.
881 92 1131 136 MANILII

353 206 509 248 semine
530 205 808 262 quadripedes
828 210 905 247 aut
924 219 1048 246 curru
1067 205 1213 246 celsior
1231 205 1311 246 ibit

352 286 428 322 aut
447 281 640 322 onerabit
659 295 789 335 equos
809 280 936 321 armis
955 284 1031 321 aut
1050 280 1178 321 ducet
1196 280 1241 321 in
1259 294 1390 322 arma.

352 355 420 397 ille
439 360 557 396 tenet
576 355 760 396 medicas
780 359 892 396 artes
912 355 966 396 ad
986 354 1175 395 membra
1195 354 1379 395 ferarum

352 434 396 471 et
415 444 500 471 non
519 430 688 471 auditos
707 434 924 471 mutarum
943 429 1088 470 tollere
1107 428 1289 470 morbos.

228 512 295 544 355
352 504 430 546 hoe
451 509 515 545 est
534 504 637 546 artis
657 518 775 559 opus,
797 518 883 545 non
902 508 1125 558 expectare
1144 503 1350 558 gementis

191 655 290 696 Verg.
310 665 422 696 georg.
443 663 456 685 1
473 655 537 686 273
556 654 696 694 aqitator
712 653 818 685 aselli.
867 653 911 685 ab
929 653 1034 685 asinis
1052 663 1149 684 orsus
1166 663 1226 694 per
1244 652 1355 684 mulas
1373 652 1418 684 ad
1435 663 1542 693 equos
1559 652 1726 684 ascendit.

190 707 278 738 asini
292 716 419 737 nomen
434 705 588 737 cultioris
603 706 680 736 aeui
694 708 819 746 poetae
832 705 904 736 fere
918 705 1088 741 uitarunt,
1104 705 1211 736 etiam
1225 703 1414 736 Columella
1428 703 1486 735 lib.
1503 712 1528 734 X
1543 706 1578 735 et
1592 706 1729 745 praeter

191 768 300 789 unum
329 757 436 789 Persii
461 767 600 788 uersum
624 759 763 788 saturae
788 757 982 797 scriptores.
1031 756 1270 796 frequentauit
1293 755 1433 787 humilis
1457 754 1671 786 uersificator
1693 757 1729 786 et

191 809 383 850 pecudibus
399 811 624 840 conuersatus
641 807 839 845 Phaedrus;
864 808 982 849 posuit
998 807 1154 839 Catullus
1166 808 1202 838 in
1214 807 1435 848 spurcissimo
1448 806 1599 838 carmine
1616 807 1656 838 97
1676 807 1728 843 10,

192 861 277 892 item
300 863 401 901 grata
423 860 631 891 rusticitatis
655 858 876 890 simulatione
896 859 1001 890 homo
1022 858 1273 890 urbanissimus
1293 858 1409 899 Copae
1431 860 1537 899 poeta
1555 867 1657 889 uersu
1673 858 1727 894 26,

191 911 363 953 simulque
381 911 538 942 delicium
553 923 561 948 ;
593 913 693 942 extat
711 911 818 942 etiam
836 910 931 951 apud
950 909 1115 942 Ouidium
1133 910 1169 940 in
1188 909 1336 941 disticho
1353 908 1427 940 aliis
1444 909 1539 940 uitiis
1555 908 1729 940 laboranti

190 963 272 994 fast.
290 971 328 993 VI
345 964 409 994 345
429 972 493 1003 sq„
514 962 609 1003 quod
629 962 676 993 sic
695 964 837 993 tantum
857 961 987 992 seruari
1005 963 1123 1002 potest
1142 963 1182 992 ut
1201 960 1407 1001 glossemate
1427 960 1536 991 eiecto
1557 959 1729 991 scribatur

190 1013 394 1054 Lampsacos
425 1013 483 1044 hoc
514 1013 644 1044 animal
674 1013 773 1044 solita
804 1016 850 1043 est
881 1016 1023 1044 mactare
1054 1012 1183 1052 Priapo
1206 1010 1210 1054 Ι
1233 1012 1240 1024 ‘
1255 1015 1336 1052 apta
1351 1011 1358 1024 ’
1376 1010 1542 1053 <canens>
1560 1010 1729 1052 ‘flammis

189 1065 314 1097 indicis
330 1068 403 1096 exta
419 1064 562 1096 damus?
610 1063 750 1095 asellum
765 1064 1024 1095 substituerunt
1039 1063 1209 1104 Vergilius
1224 1063 1416 1094 formarum
1432 1062 1728 1094 deminutiuarum

189 1127 259 1147 non
288 1126 370 1147 sane
399 1118 546 1152 amator,
576 1115 756 1151 Horatius,
787 1115 999 1155 Propertius,
1029 1114 1185 1150 Ouidius,
1216 1113 1375 1145 conditor
1403 1113 1564 1144 carminis
1593 1113 1730 1154 Priapei

189 1168 243 1204 52,
275 1167 416 1203 Seneca,
449 1166 650 1203 Columella,
682 1165 864 1202 Martialis,
897 1164 1098 1202 quenalis;
1149 1165 1320 1197 Graecum
1352 1175 1479 1196 nomen
1512 1174 1601 1195 onon
1636 1164 1729 1196 solus

190 1218 364 1255 Manilius,
392 1218 482 1249 sicut
509 1226 531 1248 V
561 1218 623 1248 126
649 1217 783 1258 syboten
809 1217 899 1248 dixit
925 1227 988 1258 pro
1015 1216 1169 1248 subulco.
1216 1216 1275 1247 illo
1302 1215 1473 1247 uocabulo
1500 1215 1729 1247 Commodum

191 1271 437 1311 imperatorem
449 1270 485 1300 in
497 1279 654 1300 sermone
667 1279 768 1300 usum
782 1278 865 1305 esse,
877 1269 940 1299 uit.
956 1269 995 1299 10
1008 1269 1038 1304 9,
1050 1278 1120 1299 non
1131 1267 1337 1299 adnotarem
1348 1267 1413 1298 nisi
1424 1270 1459 1298 et
1469 1266 1730 1308 lexicographos

191 1324 227 1352 et
252 1324 292 1352 ut
318 1321 429 1352 multa
454 1320 523 1351 alia
547 1320 584 1351 F.
614 1320 652 1352 Ο.
680 1320 847 1352 Weisium
871 1319 1026 1360 fugisset.
1075 1319 1296 1360 impudenter
1321 1318 1470 1349 Iacobus
1495 1328 1528 1359 p.
1555 1319 1619 1349 215
1644 1327 1730 1349 onus

191 1375 331 1404 enarrat
356 1372 505 1403 iumenta
529 1381 614 1402 onus
633 1370 803 1411 ferentia;
843 1374 964 1402 contra
990 1370 1166 1401 Breiterus
1193 1370 1200 1382 ‘
1216 1370 1266 1401 als
1291 1369 1430 1401 Treiber
1456 1369 1589 1410 bewegt
1613 1379 1650 1400 er
1674 1369 1730 1400 die

191 1424 276 1455 Last
288 1424 308 1460 ',
328 1433 417 1464 quae
435 1423 678 1463 interpretatio
696 1423 922 1463 interpretem
941 1422 1078 1462 quaerit
1169 1420 1294 1452 mixtas
1312 1420 1385 1458 LM,
1405 1420 1529 1452 mixtos
1547 1419 1575 1452 G
1590 1432 1598 1457 ;
1627 1419 1729 1451 mixto

192 1475 381 1512 Bentleius,
413 1474 473 1505 sed
503 1477 692 1514 utrumque
722 1476 816 1504 recte
846 1473 973 1504 dicitur
1064 1472 1202 1513 iuqabit,
1234 1472 1314 1503 uide
1345 1472 1496 1513 Theogn.
1529 1472 1590 1503 371
1622 1473 1666 1510 μή
1695 1471 1728 1509 μ’

192 1528 325 1557 ἀέκοντα
348 1528 403 1566 βίῃ
429 1528 544 1556 κεντῶν
570 1525 622 1556 ὑπ’
643 1526 767 1563 ἄμαξαν
791 1527 924 1561 ἔλαυνες
956 1534 1039 1555 nam
1063 1524 1106 1555 de
1129 1523 1323 1555 admissura
1346 1533 1539 1555 sermonem
1562 1533 1633 1554 non
1656 1533 1729 1554 esse

190 1578 340 1619 Scaliger
358 1576 530 1608 intellexit
622 1578 684 1609 351
704 1585 806 1607 curru
825 1575 906 1614 GL2,
925 1584 1045 1607 currus
1063 1574 1126 1606 LM
1217 1577 1282 1608 352
1300 1573 1455 1606 onerabit
1473 1573 1553 1612 GL2‚
1573 1573 1731 1605 onerauit

191 1629 254 1660 LM
345 1631 408 1660 aut
435 1631 590 1659 armatus
618 1637 725 1668 equos
752 1627 931 1658 inscendet
958 1626 1062 1666 (Stat.
1091 1626 1198 1658 Theb.
1228 1635 1265 1657 IV
1293 1627 1353 1657 811
1384 1636 1434 1666 sq.
1461 1625 1556 1665 pleni
1583 1624 1730 1656 dominis

190 1680 357 1720 armisque
387 1679 544 1720 feruutur
566 1677 570 1722 ι
590 1678 822 1719 quadripedes)
860 1681 923 1709 aut
958 1677 1114 1708 curribus
1150 1677 1353 1708 subiunctos
1388 1677 1424 1707 in
1461 1676 1588 1707 bellum
1624 1676 1730 1707 ducet

191 1732 305 1772 (Verg.
325 1731 409 1762 Aen.
430 1740 454 1762 X
471 1732 535 1762 574
553 1730 774 1771 quadriiuges
791 1730 871 1770 equi
888 1729 1102 1761 consternati
1118 1728 1356 1769 effunduntque
1372 1728 1504 1759 ducem
1527 1727 1730 1767 rapiuntque

190 1783 233 1814 ad
256 1783 354 1814 litora
376 1783 506 1821 currus)
600 1783 753 1814 353—356
776 1781 960 1817 Centauro,
985 1781 1045 1821 qui
1069 1780 1195 1812 Chiron
1218 1790 1289 1811 esse
1312 1779 1417 1820 uulgo
1441 1779 1592 1810 creditur
1615 1779 1727 1819 (Erat.

190 1837 314 1865 catast.
344 1835 398 1870 40,
427 1834 519 1874 Hyg.
549 1836 631 1864 astr.
661 1841 689 1863 11
716 1833 784 1872 38),
813 1832 945 1863 oriente
972 1835 1076 1863 natus
1104 1831 1332 1862 ueterinariae
1359 1830 1550 1861 medicinae
1576 1829 1729 1871 prudens

190 1887 256 1917 erit
292 1885 448 1917 Chironis
484 1885 591 1925 ipsius
622 1883 793 1925 exemplo,
825 1883 997 1924 siquidem
1027 1883 1228 1914 medicinam
1260 1882 1484 1913 iumentorum
1519 1881 1647 1912 Chiron
1665 1905 1671 1912 .
1692 1905 1699 1912 .
1720 1905 1727 1912 .

189 1937 322 1968 inuenit
342 1936 423 1968 Isid.
446 1937 527 1977 orig.
550 1944 587 1966 IV
608 1936 627 1967 9
649 1936 688 1966 12
782 1937 846 1968 353
865 1934 1014 1966 medicas
1034 1934 1345 1975 Regiomontanus,
1365 1932 1495 1964 medias
1514 1932 1614 1963 libri:
1648 1932 1728 1963 uide

190 1989 253 2020 643
276 1998 325 2028 sq.
350 1987 494 2018 medicas
515 1986 629 2018 herbas
651 1988 750 2026 (artes
771 1985 863 2026 libri)
885 1986 923 2017 iu
945 1985 1088 2017 membra
1103 1985 1255 2026 ferarum
1277 1983 1281 2028 Ι
1302 1984 1440 2015 nouerit.
1489 1983 1608 2014 similis
1629 1993 1727 2024 prae-

189 2039 371 2081 positionis
397 2049 479 2070 usus
505 2037 599 2069 Suet.
627 2038 706 2069 Ner.
735 2038 777 2069 35
803 2039 823 2068 5
848 2037 1031 2068 remedium
1056 2037 1099 2068 ad
1118 2036 1236 2077 fauces
1327 2039 1409 2067 tenet
1435 2035 1513 2076 (hoc
1539 2037 1592 2066 est
1617 2034 1727 2074 nouit)

189 2094 274 2122 artes
297 2094 325 2121 et
348 2089 466 2126 tollere,
490 2089 712 2120 substantiuo
735 2091 770 2119 et
792 2088 965 2119 infinitiuo
988 2098 1030 2119 ex
1053 2098 1165 2129 aequo
1187 2087 1319 2129 positis,
1343 2090 1384 2118 ut
1406 2095 1443 2117 1v
1466 2086 1574 2117 280-4
1597 2084 1727 2116 nouerit

189 2141 297 2173 orbem
315 2165 322 2172 .
342 2165 349 2172 .
370 2165 376 2172 .
396 2141 527 2180 iamque
545 2164 551 2171 .
573 2164 579 2171 .
600 2164 606 2171 .
625 2143 820 2171 conuertere.
868 2140 904 2170 in
937 2139 1047 2170 lexica
1080 2139 1229 2170 relatum
1263 2141 1316 2170 est
1349 2138 1463 2169 Plaut.
1499 2136 1625 2168 Bacch.
1662 2137 1726 2167 655

188 2193 247 2233 qui
270 2195 298 2223 et
322 2192 399 2223 bene
422 2195 451 2222 et
474 2191 559 2222 male
577 2190 687 2232 facere
711 2194 793 2221 tenet
878 2189 1031 2231 ferarum
1054 2193 1090 2221 et
1113 2190 1168 2221 hic
1191 2192 1227 2221 et
1250 2199 1352 2220 uersu
1376 2189 1440 2220 643
1464 2187 1553 2219 male
1576 2186 1727 2228 Scaliger

189 2243 242 2275 ed.
273 2245 287 2275 1
316 2246 351 2274 et
377 2242 554 2274 Bentleius
580 2243 615 2273 in
634 2241 784 2282 ferorum
810 2244 1003 2278 mutarunt,
1029 2251 1142 2282 neque
1167 2241 1259 2272 enim
1284 2239 1347 2271 soli
1371 2239 1451 2280 equi
1476 2238 1724 2279 significantur.

187 2295 341 2326 ferarum
373 2293 556 2330 uocabulo,
590 2293 650 2324 ubi
682 2293 839 2324 homines
872 2292 1036 2324 contrarii
1068 2294 1247 2333 ponuntur
1279 2294 1342 2322 aut
1375 2291 1584 2331 cogitantur,
1618 2289 1724 2320 etiam

189 2346 338 2387 pecudes
363 2348 399 2377 et
423 2346 580 2376 iumenta
605 2344 957 2385 comprehenduntur,
984 2343 1081 2375 uelut
1106 2352 1134 2374 11
1158 2344 1223 2374 528
1248 2345 1284 2373 et
1309 2343 1372 2374 538
1397 2341 1494 2372 Aries
1519 2344 1555 2372 et
1579 2340 1725 2377 Taurus,

189 2406 227 2428 1v
241 2398 306 2428 238
320 2396 498 2437 Sagittarii
511 2406 591 2437 pars
604 2396 742 2437 equina,
757 2404 794 2426 lv
810 2397 883 2432 101,
898 2396 974 2432 377,
990 2395 1090 2427 Ouid.
1106 2398 1188 2426 met.
1204 2403 1253 2424 XV
1270 2394 1330 2424 167
1345 2403 1394 2433 sq.
1444 2392 1529 2433 quid
1541 2391 1725 2432 Wagenin-

188 2450 326 2489 genus?
368 2450 408 2478 ut
434 2447 524 2478 feras
551 2457 613 2488 pro
640 2447 737 2488 equis
764 2446 831 2477 dici
858 2446 1072 2487 comprobet,
1100 2444 1268 2477 Martialis
1295 2454 1434 2475 uersum
1460 2443 1594 2474 confert
1620 2452 1725 2483 quem

189 2498 284 2540 apud
302 2498 532 2530 Forcellinum
550 2498 683 2529 inuenit
702 2499 798 2537 (nam
816 2498 851 2529 in
868 2498 956 2529 thes.
975 2497 1056 2538 ling.
1076 2497 1153 2528 Lat.
1174 2496 1296 2535 deest),
1314 2495 1375 2527 ubi
1391 2495 1547 2531 formica,
1565 2494 1725 2534 ignotum

189 2549 275 2580 mihi
311 2550 518 2585 iumentum,
557 2559 597 2580 eo
634 2549 773 2580 nomine
810 2548 1007 2590 appellatur
1098 2549 1163 2581 354
1199 2548 1376 2578 mutarum
1412 2545 1724 2586 Regiomontanus,

189 2602 370 2632 mutarunt
397 2600 485 2631 libri.
533 2610 640 2640 genus
670 2600 715 2631 ad
738 2599 891 2640 ferarum
920 2599 1228 2635 accommodatum
1271 2607 1486 2638 quamquam
1515 2596 1623 2627 etiam
1652 2594 1726 2626 sine

188 2651 253 2683 tali
280 2662 384 2682 causa
411 2651 520 2682 Varro
547 2654 727 2682 ceterarum
754 2651 980 2681 aeter-inarum
1007 2650 1097 2681 dixit
1124 2660 1179 2681 r.r.
1209 2658 1222 2680 1
1249 2650 1291 2681 38
1319 2650 1349 2680 3.
1397 2647 1456 2679 illa
1482 2647 1582 2678 iuxta
1608 2646 1725 2687 posita

186 2713 254 2733 non
276 2702 408 2734 auditos
429 2712 491 2733 nec
514 2702 733 2742 Postgatium
755 2701 918 2741 (Journal
938 2702 974 2733 of
996 2700 1176 2742 Philology
1199 2709 1275 2731 xxv
1296 2710 1329 2741 p.
1354 2700 1432 2738 272)
1454 2708 1517 2730 nec
1539 2697 1723 2738 Wagenin-

184 2763 324 2794 genum,
355 2754 416 2794 qui
445 2763 485 2785 ea
515 2763 558 2784 ne
588 2752 760 2784 intellexit
789 2753 942 2793 quidem,
974 2753 1217 2784 deterruerunt
1248 2751 1434 2792 quominus
1468 2749 1530 2781 uni
1564 2748 1720 2780 omnium

183 2805 385 2846 aptissimae
408 2805 486 2837 uoci
508 2807 692 2847 propterea
714 2803 883 2836 mularum
906 2804 1159 2836 substituerent
1181 2803 1265 2844 quia
1287 2801 1382 2844 apud
1405 2801 1593 2833 Firmicum
1615 2798 1721 2830 mulo·
