<?xml version="1.0" encoding="UTF-8"?>
<!DOCTYPE html PUBLIC "-//W3C//DTD XHTML 1.0 Transitional//EN"
    "http://www.w3.org/TR/xhtml1/DTD/xhtml1-transitional.dtd">
<html xmlns="http://www.w3.org/1999/xhtml" xml:lang="en" lang="en">
 <head>
  <title>
</title>
<meta http-equiv="Content-Type" content="text/html;charset=utf-8" />
  <meta name='ocr-system' content='tesseract 3.04.00' />
  <meta name='ocr-capabilities' content='ocr_page ocr_carea ocr_par ocr_line ocrx_word'/>
</head>
<body>
  <div class='ocr_page' id='page_1' title='image "astronomiconrece05maniuoft_0070.png"; bbox 0 0 1855 3088; ppageno 0'>
   <div class='ocr_carea' id='block_1_1' title="bbox 192 117 1124 159">
    <p class='ocr_par' dir='ltr' id='par_1_1' title="bbox 192 117 1124 159">
     <span class='ocr_line' id='line_1_1' title="bbox 192 117 1124 159; baseline 0.003 -3"><span class='ocrx_word' id='word_1_1' title='bbox 192 120 210 156; x_wconf 96' lang='grc'>1</span> <span class='ocrx_word' id='word_1_2' title='bbox 219 119 243 157; x_wconf 90' lang='grc'>6</span> <span class='ocrx_word' id='word_1_3' title='bbox 779 117 840 158; x_wconf 92' lang='grc' dir='ltr'>Μ.</span> <span class='ocrx_word' id='word_1_4' title='bbox 874 117 1124 159; x_wconf 91' lang='lat' dir='ltr'>MANILII</span> 
     </span>
    </p>
   </div>
   <div class='ocr_carea' id='block_1_2' title="bbox 227 229 1436 359">
    <p class='ocr_par' dir='ltr' id='par_1_2' title="bbox 227 229 1436 359">
     <span class='ocr_line' id='line_1_2' title="bbox 347 229 1436 285; baseline 0.002 -15"><span class='ocrx_word' id='word_1_5' title='bbox 347 229 552 285; x_wconf 79' lang='lat' dir='ltr'>Lanigeri,</span> <span class='ocrx_word' id='word_1_6' title='bbox 575 234 747 284; x_wconf 83' lang='lat' dir='ltr'>surgent</span> <span class='ocrx_word' id='word_1_7' title='bbox 766 229 953 284; x_wconf 83' lang='lat' dir='ltr'><strong>Hyades.</strong></span> <span class='ocrx_word' id='word_1_8' title='bbox 1012 244 1096 285; x_wconf 92' lang='lat' dir='ltr'>quo</span> <span class='ocrx_word' id='word_1_9' title='bbox 1115 235 1304 285; x_wconf 86' lang='lat' dir='ltr'>tempore</span> <span class='ocrx_word' id='word_1_10' title='bbox 1324 230 1436 272; x_wconf 87' lang='lat' dir='ltr'>natis</span> 
     </span>
     <span class='ocr_line' id='line_1_3' title="bbox 227 304 1372 359; baseline 0.003 -17"><span class='ocrx_word' id='word_1_11' title='bbox 227 311 292 343; x_wconf 87' lang='lat'>120</span> <span class='ocrx_word' id='word_1_12' title='bbox 347 304 462 345; x_wconf 86' lang='lat' dir='ltr'>nulla</span> <span class='ocrx_word' id='word_1_13' title='bbox 483 304 599 359; x_wconf 92' lang='lat' dir='ltr'>quies</span> <span class='ocrx_word' id='word_1_14' title='bbox 619 304 770 358; x_wconf 90' lang='lat' dir='ltr'>placet,</span> <span class='ocrx_word' id='word_1_15' title='bbox 792 304 837 346; x_wconf 92' lang='lat' dir='ltr'>in</span> <span class='ocrx_word' id='word_1_16' title='bbox 855 304 970 345; x_wconf 92' lang='lat' dir='ltr'>nullo</span> <span class='ocrx_word' id='word_1_17' title='bbox 990 309 1090 346; x_wconf 87' lang='lat' dir='ltr'>sunt</span> <span class='ocrx_word' id='word_1_18' title='bbox 1110 305 1198 346; x_wconf 86' lang='lat' dir='ltr'>otia</span> <span class='ocrx_word' id='word_1_19' title='bbox 1218 305 1372 355; x_wconf 83' lang='lat' dir='ltr'>fructu,</span> 
     </span>
    </p>
   </div>
   <div class='ocr_carea' id='block_1_3' title="bbox 347 379 1578 509">
    <p class='ocr_par' dir='ltr' id='par_1_3' title="bbox 347 379 1578 509">
     <span class='ocr_line' id='line_1_4' title="bbox 348 379 1578 434; baseline 0.002 -15"><span class='ocrx_word' id='word_1_20' title='bbox 348 379 421 420; x_wconf 90' lang='lat' dir='ltr'>sed</span> <span class='ocrx_word' id='word_1_21' title='bbox 441 379 646 433; x_wconf 90' lang='lat' dir='ltr'>populum</span> <span class='ocrx_word' id='word_1_22' title='bbox 665 379 920 433; x_wconf 88' lang='lat' dir='ltr'>turbamque</span> <span class='ocrx_word' id='word_1_23' title='bbox 940 384 1094 434; x_wconf 90' lang='lat' dir='ltr'>petunt</span> <span class='ocrx_word' id='word_1_24' title='bbox 1113 393 1335 434; x_wconf 80' lang='lat' dir='ltr'>rerumque</span> <span class='ocrx_word' id='word_1_25' title='bbox 1355 379 1578 421; x_wconf 85' lang='lat' dir='ltr'>tumultus.</span> 
     </span>
     <span class='ocr_line' id='line_1_5' title="bbox 347 453 1431 509; baseline 0.001 -15"><span class='ocrx_word' id='word_1_26' title='bbox 347 453 498 494; x_wconf 90' lang='lat' dir='ltr'>seditio</span> <span class='ocrx_word' id='word_1_27' title='bbox 519 453 758 508; x_wconf 89' lang='lat' dir='ltr'>clamorque</span> <span class='ocrx_word' id='word_1_28' title='bbox 777 453 911 503; x_wconf 89' lang='lat' dir='ltr'>iuuat,</span> <span class='ocrx_word' id='word_1_29' title='bbox 934 453 1228 509; x_wconf 83' lang='lat' dir='ltr'>Gracchosque</span> <span class='ocrx_word' id='word_1_30' title='bbox 1246 454 1431 495; x_wconf 90' lang='lat' dir='ltr'>tenentis</span> 
     </span>
    </p>
   </div>
   <div class='ocr_carea' id='block_1_4' title="bbox 229 527 1591 1104">
    <p class='ocr_par' dir='ltr' id='par_1_4' title="bbox 229 527 1591 1104">
     <span class='ocr_line' id='line_1_6' title="bbox 349 527 1591 583; baseline 0.001 -15"><span class='ocrx_word' id='word_1_31' title='bbox 349 532 485 569; x_wconf 82' lang='lat' dir='ltr'>rostra</span> <span class='ocrx_word' id='word_1_32' title='bbox 504 528 655 569; x_wconf 91' lang='lat' dir='ltr'>uolunt</span> <span class='ocrx_word' id='word_1_33' title='bbox 676 528 948 583; x_wconf 73' lang='lat' dir='ltr'>Montemque</span> <span class='ocrx_word' id='word_1_34' title='bbox 968 528 1143 570; x_wconf 82' lang='lat' dir='ltr'>Sacrum</span> <span class='ocrx_word' id='word_1_35' title='bbox 1161 542 1360 583; x_wconf 89' lang='lat' dir='ltr'>rarosque</span> <span class='ocrx_word' id='word_1_36' title='bbox 1382 527 1564 578; x_wconf 74' lang='lat' dir='ltr'>Quirites</span> <span class='ocrx_word' id='word_1_37' title='bbox 1583 541 1591 577; x_wconf 89' lang='grc'>;</span> 
     </span>
     <span class='ocr_line' id='line_1_7' title="bbox 349 602 1520 657; baseline 0.002 -15"><span class='ocrx_word' id='word_1_38' title='bbox 349 602 464 656; x_wconf 88' lang='lat' dir='ltr'>pacis</span> <span class='ocrx_word' id='word_1_39' title='bbox 484 602 593 643; x_wconf 87' lang='lat' dir='ltr'>bella</span> <span class='ocrx_word' id='word_1_40' title='bbox 613 602 796 656; x_wconf 85' lang='lat' dir='ltr'>probant</span> <span class='ocrx_word' id='word_1_41' title='bbox 816 617 1023 657; x_wconf 85' lang='lat' dir='ltr'>curaeque</span> <span class='ocrx_word' id='word_1_42' title='bbox 1043 603 1245 644; x_wconf 85' lang='lat' dir='ltr'>alimenta</span> <span class='ocrx_word' id='word_1_43' title='bbox 1264 602 1520 644; x_wconf 86' lang='lat' dir='ltr'>ministrant.</span> 
     </span>
     <span class='ocr_line' id='line_1_8' title="bbox 229 676 1431 732; baseline 0.003 -18"><span class='ocrx_word' id='word_1_44' title='bbox 229 684 294 714; x_wconf 86' lang='lat'>125</span> <span class='ocrx_word' id='word_1_45' title='bbox 349 676 658 731; x_wconf 86' lang='lat' dir='ltr'>inmundosque</span> <span class='ocrx_word' id='word_1_46' title='bbox 678 691 820 731; x_wconf 84' lang='lat' dir='ltr'>greges</span> <span class='ocrx_word' id='word_1_47' title='bbox 840 677 1006 732; x_wconf 86' lang='lat' dir='ltr'>agitant</span> <span class='ocrx_word' id='word_1_48' title='bbox 1025 692 1099 732; x_wconf 91' lang='lat' dir='ltr'>per</span> <span class='ocrx_word' id='word_1_49' title='bbox 1118 677 1287 718; x_wconf 85' lang='lat' dir='ltr'>sordida</span> <span class='ocrx_word' id='word_1_50' title='bbox 1306 691 1404 718; x_wconf 87' lang='lat' dir='ltr'>rura</span> <span class='ocrx_word' id='word_1_51' title='bbox 1422 691 1431 726; x_wconf 90' lang='lat'>;</span> 
     </span>
     <span class='ocr_line' id='line_1_9' title="bbox 351 751 1226 806; baseline 0.001 -14"><span class='ocrx_word' id='word_1_52' title='bbox 351 756 394 792; x_wconf 89' lang='lat' dir='ltr'>et</span> <span class='ocrx_word' id='word_1_53' title='bbox 413 751 547 792; x_wconf 85' lang='lat' dir='ltr'>fidum</span> <span class='ocrx_word' id='word_1_54' title='bbox 567 751 816 793; x_wconf 86' lang='lat' dir='ltr'>Laertiadae</span> <span class='ocrx_word' id='word_1_55' title='bbox 836 766 1014 806; x_wconf 85' lang='lat' dir='ltr'>genuere</span> <span class='ocrx_word' id='word_1_56' title='bbox 1033 752 1226 806; x_wconf 88' lang='lat' dir='ltr'>syboten.</span> 
     </span>
     <span class='ocr_line' id='line_1_10' title="bbox 351 825 1441 881; baseline 0.001 -15"><span class='ocrx_word' id='word_1_57' title='bbox 351 825 426 867; x_wconf 91' lang='lat' dir='ltr'>hos</span> <span class='ocrx_word' id='word_1_58' title='bbox 446 830 648 880; x_wconf 89' lang='lat' dir='ltr'>generant</span> <span class='ocrx_word' id='word_1_59' title='bbox 667 826 842 880; x_wconf 84' lang='lat' dir='ltr'>Hyades</span> <span class='ocrx_word' id='word_1_60' title='bbox 861 840 997 868; x_wconf 91' lang='lat' dir='ltr'>mores</span> <span class='ocrx_word' id='word_1_61' title='bbox 1018 825 1285 881; x_wconf 71' lang='lat' dir='ltr'>surgentibus</span> <span class='ocrx_word' id='word_1_62' title='bbox 1305 825 1441 867; x_wconf 88' lang='lat' dir='ltr'>astris.</span> 
     </span>
     <span class='ocr_line' id='line_1_11' title="bbox 404 900 1403 955; baseline 0 -14"><span class='ocrx_word' id='word_1_63' title='bbox 404 900 556 941; x_wconf 85' lang='lat' dir='ltr'>ultima</span> <span class='ocrx_word' id='word_1_64' title='bbox 575 900 768 955; x_wconf 82' lang='lat' dir='ltr'>Lanigeri</span> <span class='ocrx_word' id='word_1_65' title='bbox 788 915 885 941; x_wconf 90' lang='lat' dir='ltr'>cum</span> <span class='ocrx_word' id='word_1_66' title='bbox 904 915 1001 955; x_wconf 86' lang='lat' dir='ltr'>pars</span> <span class='ocrx_word' id='word_1_67' title='bbox 1021 901 1259 942; x_wconf 79' lang='lat' dir='ltr'>excluditur</span> <span class='ocrx_word' id='word_1_68' title='bbox 1278 900 1403 950; x_wconf 91' lang='lat' dir='ltr'>orbis,</span> 
     </span>
     <span class='ocr_line' id='line_1_12' title="bbox 353 974 1404 1030; baseline 0 -14"><span class='ocrx_word' id='word_1_69' title='bbox 353 989 460 1029; x_wconf 90' lang='lat' dir='ltr'>quae</span> <span class='ocrx_word' id='word_1_70' title='bbox 479 979 622 1016; x_wconf 88' lang='lat' dir='ltr'>totum</span> <span class='ocrx_word' id='word_1_71' title='bbox 642 975 828 1016; x_wconf 86' lang='lat' dir='ltr'>ostendit</span> <span class='ocrx_word' id='word_1_72' title='bbox 847 975 969 1016; x_wconf 89' lang='lat' dir='ltr'>terris</span> <span class='ocrx_word' id='word_1_73' title='bbox 989 980 1118 1030; x_wconf 84' lang='lat' dir='ltr'>atque</span> <span class='ocrx_word' id='word_1_74' title='bbox 1139 975 1248 1016; x_wconf 88' lang='lat' dir='ltr'>eruit</span> <span class='ocrx_word' id='word_1_75' title='bbox 1266 974 1404 1025; x_wconf 88' lang='lat' dir='ltr'>undis,</span> 
     </span>
     <span class='ocr_line' id='line_1_13' title="bbox 231 1049 1344 1104; baseline 0.003 -17"><span class='ocrx_word' id='word_1_76' title='bbox 231 1056 297 1088; x_wconf 88' lang='lat'>130</span> <span class='ocrx_word' id='word_1_77' title='bbox 354 1049 496 1090; x_wconf 89' lang='lat' dir='ltr'>Olenie</span> <span class='ocrx_word' id='word_1_78' title='bbox 516 1064 688 1090; x_wconf 89' lang='lat' dir='ltr'>seruans</span> <span class='ocrx_word' id='word_1_79' title='bbox 707 1064 969 1104; x_wconf 86' lang='lat' dir='ltr'>praegressos</span> <span class='ocrx_word' id='word_1_80' title='bbox 988 1049 1153 1090; x_wconf 89' lang='lat' dir='ltr'>tollitur</span> <span class='ocrx_word' id='word_1_81' title='bbox 1171 1049 1344 1091; x_wconf 83' lang='lat' dir='ltr'>Haedos</span> 
     </span>
    </p>
   </div>
   <div class='ocr_carea' id='block_1_5' title="bbox 190 1182 1740 2867">
    <p class='ocr_par' dir='ltr' id='par_1_5' title="bbox 192 1182 1728 1225">
     <span class='ocr_line' id='line_1_14' title="bbox 192 1182 1728 1225; baseline -0.001 -9"><span class='ocrx_word' id='word_1_82' title='bbox 192 1183 358 1216; x_wconf 87' lang='lat' dir='ltr'>bubulcos</span> <span class='ocrx_word' id='word_1_83' title='bbox 370 1187 579 1216; x_wconf 89' lang='lat' dir='ltr'>conuertunt</span> <span class='ocrx_word' id='word_1_84' title='bbox 667 1187 729 1217; x_wconf 89' lang='lat'>119</span> <span class='ocrx_word' id='word_1_85' title='bbox 740 1184 830 1216; x_wconf 85' lang='lat' dir='ltr'>natis</span> <span class='ocrx_word' id='word_1_86' title='bbox 842 1184 932 1216; x_wconf 83' lang='lat' dir='ltr'>Flor.</span> <span class='ocrx_word' id='word_1_87' title='bbox 944 1187 980 1216; x_wconf 88' lang='lat' dir='ltr'>et</span> <span class='ocrx_word' id='word_1_88' title='bbox 992 1184 1104 1221; x_wconf 87' lang='lat' dir='ltr'>Bodl.,</span> <span class='ocrx_word' id='word_1_89' title='bbox 1115 1183 1189 1216; x_wconf 84' lang='lat' dir='ltr'>nati</span> <span class='ocrx_word' id='word_1_90' title='bbox 1199 1183 1300 1216; x_wconf 83' lang='lat' dir='ltr'>GLM.</span> <span class='ocrx_word' id='word_1_91' title='bbox 1338 1184 1403 1215; x_wconf 88' lang='grc'>358</span> <span class='ocrx_word' id='word_1_92' title='bbox 1412 1194 1475 1225; x_wconf 84' lang='lat' dir='ltr'>quo</span> <span class='ocrx_word' id='word_1_93' title='bbox 1485 1187 1627 1224; x_wconf 80' lang='lat' dir='ltr'>tempore</span> <span class='ocrx_word' id='word_1_94' title='bbox 1637 1182 1728 1214; x_wconf 76' lang='lat' dir='ltr'>natis</span> 
     </span>
    </p>

    <p class='ocr_par' dir='ltr' id='par_1_6' title="bbox 190 1234 1730 1432">
     <span class='ocr_line' id='line_1_15' title="bbox 282 1234 1726 1277; baseline -0.001 -10"><span class='ocrx_word' id='word_1_95' title='bbox 282 1238 345 1268; x_wconf 88' lang='lat'>120</span> <span class='ocrx_word' id='word_1_96' title='bbox 365 1235 480 1267; x_wconf 86' lang='lat' dir='ltr'>fructu</span> <span class='ocrx_word' id='word_1_97' title='bbox 502 1235 583 1274; x_wconf 83' lang='lat' dir='ltr'>GL2,</span> <span class='ocrx_word' id='word_1_98' title='bbox 604 1235 758 1267; x_wconf 87' lang='lat' dir='ltr'>fructum</span> <span class='ocrx_word' id='word_1_99' title='bbox 778 1236 852 1268; x_wconf 87' lang='lat' dir='ltr'>LM.</span> <span class='ocrx_word' id='word_1_100' title='bbox 900 1235 938 1267; x_wconf 79' lang='lat' dir='ltr'>in</span> <span class='ocrx_word' id='word_1_101' title='bbox 953 1235 1070 1276; x_wconf 81' lang='lat' dir='ltr'>fructu</span> <span class='ocrx_word' id='word_1_102' title='bbox 1089 1235 1387 1277; x_wconf 85' lang='lat' dir='ltr'>quemadmodum</span> <span class='ocrx_word' id='word_1_103' title='bbox 1408 1235 1535 1267; x_wconf 82' lang='lat' dir='ltr'>dicitur</span> <span class='ocrx_word' id='word_1_104' title='bbox 1553 1235 1592 1266; x_wconf 79' lang='lat' dir='ltr'>in</span> <span class='ocrx_word' id='word_1_105' title='bbox 1608 1234 1726 1275; x_wconf 84' lang='lat' dir='ltr'>pretio.</span> 
     </span>
     <span class='ocr_line' id='line_1_16' title="bbox 190 1285 1727 1328; baseline -0.001 -10"><span class='ocrx_word' id='word_1_106' title='bbox 190 1287 277 1318; x_wconf 81' lang='lat' dir='ltr'>nihil</span> <span class='ocrx_word' id='word_1_107' title='bbox 296 1287 469 1318; x_wconf 88' lang='lat' dir='ltr'>commodi</span> <span class='ocrx_word' id='word_1_108' title='bbox 488 1296 531 1318; x_wconf 81' lang='lat' dir='ltr'>ex</span> <span class='ocrx_word' id='word_1_109' title='bbox 551 1287 623 1318; x_wconf 89' lang='lat' dir='ltr'>otio</span> <span class='ocrx_word' id='word_1_110' title='bbox 643 1287 808 1328; x_wconf 88' lang='lat' dir='ltr'>capiunt:</span> <span class='ocrx_word' id='word_1_111' title='bbox 844 1287 910 1319; x_wconf 88' lang='lat' dir='ltr'>Cic.</span> <span class='ocrx_word' id='word_1_112' title='bbox 932 1287 975 1318; x_wconf 89' lang='lat' dir='ltr'>de</span> <span class='ocrx_word' id='word_1_113' title='bbox 993 1297 1063 1328; x_wconf 93' lang='lat' dir='ltr'>rep.</span> <span class='ocrx_word' id='word_1_114' title='bbox 1085 1295 1099 1318; x_wconf 91' lang='lat'>1</span> <span class='ocrx_word' id='word_1_115' title='bbox 1121 1288 1139 1318; x_wconf 97' lang='lat'><strong>7</strong></span> <span class='ocrx_word' id='word_1_116' title='bbox 1164 1297 1202 1318; x_wconf 76' lang='lat' dir='ltr'>ex</span> <span class='ocrx_word' id='word_1_117' title='bbox 1224 1287 1289 1318; x_wconf 85' lang='lat' dir='ltr'>otio</span> <span class='ocrx_word' id='word_1_118' title='bbox 1307 1286 1440 1327; x_wconf 75' lang='lat' dir='ltr'>fructus</span> <span class='ocrx_word' id='word_1_119' title='bbox 1462 1296 1588 1327; x_wconf 78' lang='lat' dir='ltr'>capere,</span> <span class='ocrx_word' id='word_1_120' title='bbox 1613 1285 1655 1316; x_wconf 93' lang='lat' dir='ltr'>de</span> <span class='ocrx_word' id='word_1_121' title='bbox 1679 1296 1727 1317; x_wconf 91' lang='lat' dir='ltr'>or.</span> 
     </span>
     <span class='ocr_line' id='line_1_17' title="bbox 191 1336 1730 1378; baseline -0.002 -8"><span class='ocrx_word' id='word_1_122' title='bbox 191 1347 220 1370; x_wconf 87' lang='grc' dir='ltr'><strong>Π</strong></span> <span class='ocrx_word' id='word_1_123' title='bbox 236 1339 278 1370; x_wconf 88' lang='grc'>22</span> <span class='ocrx_word' id='word_1_124' title='bbox 294 1339 356 1369; x_wconf 71' lang='lat' dir='ltr'>otii</span> <span class='ocrx_word' id='word_1_125' title='bbox 372 1338 505 1378; x_wconf 74' lang='lat' dir='ltr'>fructus</span> <span class='ocrx_word' id='word_1_126' title='bbox 522 1342 567 1369; x_wconf 75' lang='lat' dir='ltr'>est</span> <span class='ocrx_word' id='word_1_127' title='bbox 584 1349 649 1369; x_wconf 80' lang='lat' dir='ltr'>non</span> <span class='ocrx_word' id='word_1_128' title='bbox 666 1339 828 1370; x_wconf 79' lang='lat' dir='ltr'>contentio</span> <span class='ocrx_word' id='word_1_129' title='bbox 848 1339 958 1370; x_wconf 81' lang='lat' dir='ltr'>animi</span> <span class='ocrx_word' id='word_1_130' title='bbox 975 1339 1032 1370; x_wconf 80' lang='lat' dir='ltr'>sed</span> <span class='ocrx_word' id='word_1_131' title='bbox 1053 1338 1213 1370; x_wconf 75' lang='lat' dir='ltr'>relaxatio</span> <span class='ocrx_word' id='word_1_132' title='bbox 1305 1340 1457 1371; x_wconf 84' lang='lat'>121—123</span> <span class='ocrx_word' id='word_1_133' title='bbox 1480 1341 1550 1369; x_wconf 88' lang='lat' dir='ltr'>tres</span> <span class='ocrx_word' id='word_1_134' title='bbox 1573 1336 1730 1369; x_wconf 85' lang='lat' dir='ltr'>continui</span> 
     </span>
     <span class='ocr_line' id='line_1_18' title="bbox 191 1388 1730 1432; baseline -0.001 -11"><span class='ocrx_word' id='word_1_135' title='bbox 191 1400 310 1421; x_wconf 87' lang='lat' dir='ltr'>uersus</span> <span class='ocrx_word' id='word_1_136' title='bbox 332 1390 394 1421; x_wconf 85' lang='lat' dir='ltr'>has</span> <span class='ocrx_word' id='word_1_137' title='bbox 416 1389 548 1421; x_wconf 84' lang='lat' dir='ltr'>habent</span> <span class='ocrx_word' id='word_1_138' title='bbox 569 1400 738 1427; x_wconf 83' lang='lat' dir='ltr'>caesuras,</span> <span class='ocrx_word' id='word_1_139' title='bbox 763 1410 793 1414; x_wconf 95' lang='lat'><em>-</em></span> <span class='ocrx_word' id='word_1_140' title='bbox 807 1405 834 1420; x_wconf 63' lang='grc' dir='ltr'>ψ</span> <span class='ocrx_word' id='word_1_141' title='bbox 849 1405 919 1419; x_wconf 66' lang='grc' dir='ltr'>υ-</span> <span class='ocrx_word' id='word_1_142' title='bbox 940 1388 943 1432; x_wconf 86' lang='grc' dir='ltr'>Ι</span> <span class='ocrx_word' id='word_1_143' title='bbox 966 1405 1078 1419; x_wconf 67' lang='grc' dir='ltr'>--υ</span> <span class='ocrx_word' id='word_1_144' title='bbox 1100 1389 1104 1432; x_wconf 82' lang='grc' dir='ltr'>Ι</span> <span class='ocrx_word' id='word_1_145' title='bbox 1125 1404 1153 1419; x_wconf 71' lang='grc' dir='ltr'><strong>υ</strong></span> <span class='ocrx_word' id='word_1_146' title='bbox 1167 1409 1209 1428; x_wconf 90' lang='grc'>-,</span> <span class='ocrx_word' id='word_1_147' title='bbox 1231 1392 1272 1421; x_wconf 88' lang='lat' dir='ltr'>ut</span> <span class='ocrx_word' id='word_1_148' title='bbox 1292 1389 1374 1421; x_wconf 89' lang='lat' dir='ltr'>Luc.</span> <span class='ocrx_word' id='word_1_149' title='bbox 1395 1398 1410 1420; x_wconf 95' lang='lat'>1</span> <span class='ocrx_word' id='word_1_150' title='bbox 1430 1389 1539 1420; x_wconf 85' lang='lat'>556—9</span> <span class='ocrx_word' id='word_1_151' title='bbox 1560 1391 1730 1430; x_wconf 85' lang='lat' dir='ltr'>quattuor</span> 
     </span>
    </p>

    <p class='ocr_par' dir='ltr' id='par_1_7' title="bbox 190 1440 1740 2867">
     <span class='ocr_line' id='line_1_19' title="bbox 283 1440 1730 1482; baseline -0.002 -8"><span class='ocrx_word' id='word_1_152' title='bbox 283 1444 346 1474; x_wconf 86' lang='lat'>122</span> <span class='ocrx_word' id='word_1_153' title='bbox 373 1441 536 1482; x_wconf 79' lang='lat' dir='ltr'>gracchos</span> <span class='ocrx_word' id='word_1_154' title='bbox 564 1442 653 1472; x_wconf 87' lang='lat' dir='ltr'>Flor.</span> <span class='ocrx_word' id='word_1_155' title='bbox 683 1444 719 1472; x_wconf 89' lang='lat' dir='ltr'>et</span> <span class='ocrx_word' id='word_1_156' title='bbox 747 1442 859 1478; x_wconf 88' lang='lat' dir='ltr'>Bodl.,</span> <span class='ocrx_word' id='word_1_157' title='bbox 888 1450 1004 1482; x_wconf 88' lang='lat' dir='ltr'>grecos</span> <span class='ocrx_word' id='word_1_158' title='bbox 1032 1440 1124 1473; x_wconf 80' lang='lat' dir='ltr'>GLM</span> <span class='ocrx_word' id='word_1_159' title='bbox 1216 1443 1279 1474; x_wconf 85' lang='lat'>123</span> <span class='ocrx_word' id='word_1_160' title='bbox 1305 1451 1398 1472; x_wconf 74' lang='lat' dir='ltr'>raros</span> <span class='ocrx_word' id='word_1_161' title='bbox 1423 1440 1579 1480; x_wconf 73' lang='lat' dir='ltr'>Quirites,</span> <span class='ocrx_word' id='word_1_162' title='bbox 1608 1440 1730 1472; x_wconf 91' lang='lat' dir='ltr'>urbem</span> 
     </span>
     <span class='ocr_line' id='line_1_20' title="bbox 190 1490 1732 1533; baseline -0.001 -9"><span class='ocrx_word' id='word_1_163' title='bbox 190 1503 324 1524; x_wconf 84' lang='lat' dir='ltr'>secessu</span> <span class='ocrx_word' id='word_1_164' title='bbox 341 1492 450 1533; x_wconf 89' lang='lat' dir='ltr'>plebis</span> <span class='ocrx_word' id='word_1_165' title='bbox 467 1493 721 1533; x_wconf 59' lang='lat' dir='ltr'>infrequentem</span> <span class='ocrx_word' id='word_1_166' title='bbox 736 1505 743 1525; x_wconf 77' lang='lat' dir='ltr'><strong><em>z</em></strong></span> <span class='ocrx_word' id='word_1_167' title='bbox 775 1493 969 1524; x_wconf 84' lang='lat' dir='ltr'>Gronouius</span> <span class='ocrx_word' id='word_1_168' title='bbox 986 1492 1088 1523; x_wconf 81' lang='lat' dir='ltr'>diatr.</span> <span class='ocrx_word' id='word_1_169' title='bbox 1107 1503 1134 1524; x_wconf 89' lang='lat' dir='ltr'>c.</span> <span class='ocrx_word' id='word_1_170' title='bbox 1154 1493 1196 1523; x_wconf 87' lang='lat'>46</span> <span class='ocrx_word' id='word_1_171' title='bbox 1213 1492 1282 1533; x_wconf 82' lang='lat' dir='ltr'>(ed.</span> <span class='ocrx_word' id='word_1_172' title='bbox 1299 1492 1415 1523; x_wconf 90' lang='lat' dir='ltr'>Hand.</span> <span class='ocrx_word' id='word_1_173' title='bbox 1434 1503 1467 1533; x_wconf 90' lang='lat' dir='ltr'>p.</span> <span class='ocrx_word' id='word_1_174' title='bbox 1485 1493 1564 1532; x_wconf 89' lang='lat'>474)</span> <span class='ocrx_word' id='word_1_175' title='bbox 1582 1490 1732 1523; x_wconf 80' lang='lat' dir='ltr'>contulit</span> 
     </span>
     <span class='ocr_line' id='line_1_21' title="bbox 193 1542 1732 1584; baseline -0.001 -9"><span class='ocrx_word' id='word_1_176' title='bbox 193 1545 267 1575; x_wconf 91' lang='lat' dir='ltr'>Liu.</span> <span class='ocrx_word' id='word_1_177' title='bbox 286 1553 330 1575; x_wconf 86' lang='grc' dir='ltr'>ΙΙΙ</span> <span class='ocrx_word' id='word_1_178' title='bbox 346 1545 388 1575; x_wconf 82' lang='grc'>52</span> <span class='ocrx_word' id='word_1_179' title='bbox 405 1545 468 1575; x_wconf 83' lang='grc'>5-7</span> <span class='ocrx_word' id='word_1_180' title='bbox 482 1547 516 1575; x_wconf 85' lang='lat' dir='ltr'>et</span> <span class='ocrx_word' id='word_1_181' title='bbox 533 1544 622 1575; x_wconf 84' lang='lat' dir='ltr'>Flor.</span> <span class='ocrx_word' id='word_1_182' title='bbox 636 1553 650 1575; x_wconf 93' lang='lat'>1</span> <span class='ocrx_word' id='word_1_183' title='bbox 668 1546 707 1575; x_wconf 92' lang='grc'>17</span> <span class='ocrx_word' id='word_1_184' title='bbox 724 1546 743 1575; x_wconf 90' lang='grc'>5</span> <span class='ocrx_word' id='word_1_185' title='bbox 837 1547 900 1577; x_wconf 82' lang='grc'>124</span> <span class='ocrx_word' id='word_1_186' title='bbox 913 1544 1010 1584; x_wconf 81' lang='lat' dir='ltr'>pacis</span> <span class='ocrx_word' id='word_1_187' title='bbox 1026 1544 1127 1575; x_wconf 81' lang='lat' dir='ltr'>bella:</span> <span class='ocrx_word' id='word_1_188' title='bbox 1159 1543 1336 1575; x_wconf 88' lang='lat' dir='ltr'>Bentleius</span> <span class='ocrx_word' id='word_1_189' title='bbox 1352 1544 1487 1575; x_wconf 75' lang='lat' dir='ltr'>confert</span> <span class='ocrx_word' id='word_1_190' title='bbox 1502 1552 1515 1574; x_wconf 91' lang='grc' dir='ltr'>Ι</span> <span class='ocrx_word' id='word_1_191' title='bbox 1532 1544 1595 1575; x_wconf 91' lang='grc'>885</span> <span class='ocrx_word' id='word_1_192' title='bbox 1606 1542 1732 1584; x_wconf 81' lang='lat' dir='ltr'>funera</span> 
     </span>
     <span class='ocr_line' id='line_1_22' title="bbox 190 1594 1731 1636; baseline -0.001 -10"><span class='ocrx_word' id='word_1_193' title='bbox 190 1595 287 1636; x_wconf 75' lang='lat' dir='ltr'>pacis</span> <span class='ocrx_word' id='word_1_194' title='bbox 318 1596 421 1635; x_wconf 84' lang='lat' dir='ltr'>(adde</span> <span class='ocrx_word' id='word_1_195' title='bbox 458 1604 487 1626; x_wconf 91' lang='lat'>11</span> <span class='ocrx_word' id='word_1_196' title='bbox 518 1596 582 1626; x_wconf 82' lang='lat'>597</span> <span class='ocrx_word' id='word_1_197' title='bbox 612 1595 709 1636; x_wconf 80' lang='lat' dir='ltr'>pacis</span> <span class='ocrx_word' id='word_1_198' title='bbox 740 1595 858 1632; x_wconf 73' lang='lat' dir='ltr'>clades,</span> <span class='ocrx_word' id='word_1_199' title='bbox 889 1595 971 1626; x_wconf 90' lang='lat' dir='ltr'>Luc.</span> <span class='ocrx_word' id='word_1_200' title='bbox 1003 1604 1031 1626; x_wconf 92' lang='lat'>11</span> <span class='ocrx_word' id='word_1_201' title='bbox 1065 1597 1124 1626; x_wconf 88' lang='lat'>171</span> <span class='ocrx_word' id='word_1_202' title='bbox 1158 1595 1372 1626; x_wconf 81' lang='lat' dir='ltr'>Sullanae..</span> <span class='ocrx_word' id='word_1_203' title='bbox 1392 1619 1399 1626; x_wconf 88' lang='lat'><strong>.</strong></span> <span class='ocrx_word' id='word_1_204' title='bbox 1417 1594 1582 1626; x_wconf 84' lang='lat' dir='ltr'>cadauera</span> <span class='ocrx_word' id='word_1_205' title='bbox 1607 1594 1731 1634; x_wconf 72' lang='lat' dir='ltr'>pacis),</span> 
     </span>
     <span class='ocr_line' id='line_1_23' title="bbox 193 1646 1731 1688; baseline -0.001 -10"><span class='ocrx_word' id='word_1_206' title='bbox 193 1647 388 1678; x_wconf 85' lang='lat' dir='ltr'>Gronouius</span> <span class='ocrx_word' id='word_1_207' title='bbox 412 1647 532 1678; x_wconf 87' lang='lat' dir='ltr'>Liban.</span> <span class='ocrx_word' id='word_1_208' title='bbox 554 1657 602 1678; x_wconf 88' lang='lat' dir='ltr'>or.</span> <span class='ocrx_word' id='word_1_209' title='bbox 623 1657 685 1688; x_wconf 90' lang='lat' dir='ltr'>pro</span> <span class='ocrx_word' id='word_1_210' title='bbox 704 1646 843 1688; x_wconf 88' lang='lat' dir='ltr'>templis</span> <span class='ocrx_word' id='word_1_211' title='bbox 869 1648 907 1679; x_wconf 86' lang='lat'>13</span> <span class='ocrx_word' id='word_1_212' title='bbox 932 1646 1000 1687; x_wconf 88' lang='lat' dir='ltr'>(ed.</span> <span class='ocrx_word' id='word_1_213' title='bbox 1020 1647 1152 1678; x_wconf 86' lang='lat' dir='ltr'>Foerst.</span> <span class='ocrx_word' id='word_1_214' title='bbox 1172 1646 1241 1678; x_wconf 91' lang='lat' dir='ltr'>uol.</span> <span class='ocrx_word' id='word_1_215' title='bbox 1261 1655 1299 1678; x_wconf 87' lang='lat' dir='ltr'>IV</span> <span class='ocrx_word' id='word_1_216' title='bbox 1321 1657 1354 1688; x_wconf 89' lang='lat' dir='ltr'>p.</span> <span class='ocrx_word' id='word_1_217' title='bbox 1376 1647 1431 1686; x_wconf 88' lang='lat'>94)</span> <span class='ocrx_word' id='word_1_218' title='bbox 1456 1649 1548 1678; x_wconf 81' lang='grc' dir='ltr'>τοῦτο</span> <span class='ocrx_word' id='word_1_219' title='bbox 1571 1647 1602 1677; x_wconf 84' lang='grc' dir='ltr'>τί</span> <span class='ocrx_word' id='word_1_220' title='bbox 1626 1647 1731 1687; x_wconf 80' lang='grc' dir='ltr'>ἕτερόν</span> 
     </span>
     <span class='ocr_line' id='line_1_24' title="bbox 194 1697 1733 1739; baseline -0.001 -9"><span class='ocrx_word' id='word_1_221' title='bbox 194 1701 281 1730; x_wconf 80' lang='grc' dir='ltr'>ἐστιν</span> <span class='ocrx_word' id='word_1_222' title='bbox 306 1701 324 1737; x_wconf 81' lang='grc' dir='ltr'>ἢ</span> <span class='ocrx_word' id='word_1_223' title='bbox 349 1702 380 1730; x_wconf 80' lang='grc' dir='ltr'>ἐν</span> <span class='ocrx_word' id='word_1_224' title='bbox 405 1700 511 1739; x_wconf 83' lang='grc' dir='ltr'>εἰρήνῃ</span> <span class='ocrx_word' id='word_1_225' title='bbox 535 1700 744 1736; x_wconf 84' lang='grc' dir='ltr'>πολεμεῖσθαι</span> <span class='ocrx_word' id='word_1_226' title='bbox 768 1701 845 1730; x_wconf 80' lang='grc' dir='ltr'><em>τοὺσ</em></span> <span class='ocrx_word' id='word_1_227' title='bbox 866 1701 1058 1739; x_wconf 70' lang='grc' dir='ltr'><em>’γεωργούσ;</em></span> <span class='ocrx_word' id='word_1_228' title='bbox 1103 1708 1194 1735; x_wconf 82' lang='lat' dir='ltr'>cura,</span> <span class='ocrx_word' id='word_1_229' title='bbox 1214 1698 1280 1729; x_wconf 84' lang='lat' dir='ltr'>nisi</span> <span class='ocrx_word' id='word_1_230' title='bbox 1297 1697 1409 1735; x_wconf 82' lang='lat' dir='ltr'>fallor,</span> <span class='ocrx_word' id='word_1_231' title='bbox 1429 1707 1470 1729; x_wconf 85' lang='lat' dir='ltr'>ea</span> <span class='ocrx_word' id='word_1_232' title='bbox 1493 1698 1620 1729; x_wconf 78' lang='lat' dir='ltr'>dicitur</span> <span class='ocrx_word' id='word_1_233' title='bbox 1642 1707 1733 1738; x_wconf 78' lang='lat' dir='ltr'>quae</span> 
     </span>
     <span class='ocr_line' id='line_1_25' title="bbox 194 1749 1731 1790; baseline -0.001 -9"><span class='ocrx_word' id='word_1_234' title='bbox 194 1751 335 1781; x_wconf 78' lang='lat' dir='ltr'>intactis</span> <span class='ocrx_word' id='word_1_235' title='bbox 361 1760 500 1790; x_wconf 84' lang='lat' dir='ltr'>quoque</span> <span class='ocrx_word' id='word_1_236' title='bbox 527 1749 615 1781; x_wconf 83' lang='lat' dir='ltr'>solet</span> <span class='ocrx_word' id='word_1_237' title='bbox 641 1760 714 1781; x_wconf 88' lang='lat' dir='ltr'>esse</span> <span class='ocrx_word' id='word_1_238' title='bbox 741 1750 941 1781; x_wconf 88' lang='lat' dir='ltr'>condicione</span> <span class='ocrx_word' id='word_1_239' title='bbox 968 1759 1070 1790; x_wconf 86' lang='lat' dir='ltr'>super</span> <span class='ocrx_word' id='word_1_240' title='bbox 1097 1750 1283 1786; x_wconf 89' lang='lat' dir='ltr'>communi,</span> <span class='ocrx_word' id='word_1_241' title='bbox 1311 1749 1396 1780; x_wconf 89' lang='lat' dir='ltr'>Hor.</span> <span class='ocrx_word' id='word_1_242' title='bbox 1425 1749 1524 1790; x_wconf 80' lang='lat' dir='ltr'>epist.</span> <span class='ocrx_word' id='word_1_243' title='bbox 1553 1757 1581 1779; x_wconf 91' lang='lat'>11</span> <span class='ocrx_word' id='word_1_244' title='bbox 1610 1750 1625 1780; x_wconf 92' lang='lat' dir='ltr'>l</span> <span class='ocrx_word' id='word_1_245' title='bbox 1657 1749 1731 1780; x_wconf 89' lang='lat'>151.</span> 
     </span>
     <span class='ocr_line' id='line_1_26' title="bbox 194 1799 1734 1842; baseline -0.001 -10"><span class='ocrx_word' id='word_1_246' title='bbox 194 1804 285 1833; x_wconf 87' lang='lat' dir='ltr'>certe</span> <span class='ocrx_word' id='word_1_247' title='bbox 305 1811 403 1832; x_wconf 83' lang='lat' dir='ltr'>curae</span> <span class='ocrx_word' id='word_1_248' title='bbox 422 1800 505 1842; x_wconf 83' lang='lat' dir='ltr'>legit</span> <span class='ocrx_word' id='word_1_249' title='bbox 525 1804 561 1832; x_wconf 91' lang='lat' dir='ltr'>et</span> <span class='ocrx_word' id='word_1_250' title='bbox 581 1801 729 1832; x_wconf 86' lang='lat' dir='ltr'>absurde</span> <span class='ocrx_word' id='word_1_251' title='bbox 749 1812 811 1842; x_wconf 90' lang='lat' dir='ltr'>pro</span> <span class='ocrx_word' id='word_1_252' title='bbox 832 1801 1049 1832; x_wconf 89' lang='lat' dir='ltr'>nominatiuo</span> <span class='ocrx_word' id='word_1_253' title='bbox 1070 1801 1204 1842; x_wconf 87' lang='lat' dir='ltr'>accepit</span> <span class='ocrx_word' id='word_1_254' title='bbox 1223 1800 1392 1832; x_wconf 84' lang='lat' dir='ltr'>Firmicus</span> <span class='ocrx_word' id='word_1_255' title='bbox 1412 1809 1480 1831; x_wconf 84' lang='lat' dir='ltr'>vm</span> <span class='ocrx_word' id='word_1_256' title='bbox 1500 1801 1519 1831; x_wconf 89' lang='lat'>6</span> <span class='ocrx_word' id='word_1_257' title='bbox 1541 1801 1560 1831; x_wconf 87' lang='lat'>6</span> <span class='ocrx_word' id='word_1_258' title='bbox 1580 1799 1636 1831; x_wconf 79' lang='lat' dir='ltr'>sed</span> <span class='ocrx_word' id='word_1_259' title='bbox 1655 1799 1734 1831; x_wconf 79' lang='lat' dir='ltr'>huic</span> 
     </span>
     <span class='ocr_line' id='line_1_27' title="bbox 195 1851 1734 1893; baseline -0.001 -10"><span class='ocrx_word' id='word_1_260' title='bbox 195 1853 287 1884; x_wconf 81' lang='lat' dir='ltr'>uarii</span> <span class='ocrx_word' id='word_1_261' title='bbox 316 1856 470 1893; x_wconf 77' lang='lat' dir='ltr'>quaestus</span> <span class='ocrx_word' id='word_1_262' title='bbox 501 1863 540 1883; x_wconf 67' lang='lat' dir='ltr'>ea:</span> <span class='ocrx_word' id='word_1_263' title='bbox 569 1852 708 1884; x_wconf 75' lang='lat' dir='ltr'>assidua</span> <span class='ocrx_word' id='word_1_264' title='bbox 738 1852 962 1884; x_wconf 77' lang='lat' dir='ltr'>sollicitudine</span> <span class='ocrx_word' id='word_1_265' title='bbox 991 1862 1119 1892; x_wconf 78' lang='lat' dir='ltr'>semper</span> <span class='ocrx_word' id='word_1_266' title='bbox 1151 1856 1335 1883; x_wconf 78' lang='lat' dir='ltr'>nascuntur</span> <span class='ocrx_word' id='word_1_267' title='bbox 1426 1854 1490 1886; x_wconf 82' lang='lat'>125</span> <span class='ocrx_word' id='word_1_268' title='bbox 1521 1851 1734 1883; x_wconf 71' lang='lat' dir='ltr'>‘immundo-s</span> 
     </span>
     <span class='ocr_line' id='line_1_28' title="bbox 193 1902 1736 1944; baseline -0.001 -9"><span class='ocrx_word' id='word_1_269' title='bbox 193 1915 302 1944; x_wconf 71' lang='lat' dir='ltr'>qreqes</span> <span class='ocrx_word' id='word_1_270' title='bbox 335 1913 437 1935; x_wconf 87' lang='lat' dir='ltr'>suum</span> <span class='ocrx_word' id='word_1_271' title='bbox 453 1903 460 1916; x_wconf 93' lang='lat'>’</span> <span class='ocrx_word' id='word_1_272' title='bbox 497 1903 646 1944; x_wconf 81' lang='lat' dir='ltr'>Scaliger</span> <span class='ocrx_word' id='word_1_273' title='bbox 738 1906 801 1937; x_wconf 88' lang='grc'>126</span> <span class='ocrx_word' id='word_1_274' title='bbox 835 1903 943 1935; x_wconf 87' lang='lat' dir='ltr'>fidum</span> <span class='ocrx_word' id='word_1_275' title='bbox 975 1903 1160 1935; x_wconf 85' lang='lat' dir='ltr'>laertiadae</span> <span class='ocrx_word' id='word_1_276' title='bbox 1177 1927 1184 1935; x_wconf 85' lang='lat'>.</span> <span class='ocrx_word' id='word_1_277' title='bbox 1205 1927 1212 1934; x_wconf 90' lang='lat'>.</span> <span class='ocrx_word' id='word_1_278' title='bbox 1231 1927 1239 1934; x_wconf 93' lang='lat'>.</span> <span class='ocrx_word' id='word_1_279' title='bbox 1257 1903 1400 1944; x_wconf 85' lang='lat' dir='ltr'>syboten</span> <span class='ocrx_word' id='word_1_280' title='bbox 1431 1902 1591 1944; x_wconf 81' lang='lat' dir='ltr'>Scaliger,</span> <span class='ocrx_word' id='word_1_281' title='bbox 1624 1902 1736 1934; x_wconf 85' lang='lat' dir='ltr'>fidunt</span> 
     </span>
     <span class='ocr_line' id='line_1_29' title="bbox 194 1954 1732 1996; baseline -0.001 -10"><span class='ocrx_word' id='word_1_282' title='bbox 194 1955 356 1987; x_wconf 87' lang='lat' dir='ltr'>nerciadu</span> <span class='ocrx_word' id='word_1_283' title='bbox 374 1979 380 1986; x_wconf 92' lang='lat'>.</span> <span class='ocrx_word' id='word_1_284' title='bbox 401 1979 408 1986; x_wconf 89' lang='lat'>.</span> <span class='ocrx_word' id='word_1_285' title='bbox 428 1979 434 1986; x_wconf 92' lang='lat'>.</span> <span class='ocrx_word' id='word_1_286' title='bbox 453 1955 628 1996; x_wconf 87' lang='lat' dir='ltr'>syboetem</span> <span class='ocrx_word' id='word_1_287' title='bbox 665 1954 834 1986; x_wconf 85' lang='lat' dir='ltr'>similiaue</span> <span class='ocrx_word' id='word_1_288' title='bbox 870 1955 959 1986; x_wconf 84' lang='lat' dir='ltr'>libri.</span> <span class='ocrx_word' id='word_1_289' title='bbox 1008 1958 1127 1993; x_wconf 80' lang='grc' dir='ltr'>Εὔμαιε</span> <span class='ocrx_word' id='word_1_290' title='bbox 1166 1956 1297 1995; x_wconf 83' lang='grc' dir='ltr'>συβῶτα</span> <span class='ocrx_word' id='word_1_291' title='bbox 1336 1954 1440 1986; x_wconf 87' lang='lat' dir='ltr'>Hom.</span> <span class='ocrx_word' id='word_1_292' title='bbox 1484 1954 1547 1986; x_wconf 90' lang='lat' dir='ltr'>Od.</span> <span class='ocrx_word' id='word_1_293' title='bbox 1587 1963 1637 1985; x_wconf 81' lang='lat' dir='ltr'>xv</span> <span class='ocrx_word' id='word_1_294' title='bbox 1670 1954 1732 1986; x_wconf 88' lang='lat'>381</span> 
     </span>
     <span class='ocr_line' id='line_1_30' title="bbox 194 2005 1734 2047; baseline -0.001 -10"><span class='ocrx_word' id='word_1_295' title='bbox 194 2010 231 2038; x_wconf 91' lang='lat' dir='ltr'>et</span> <span class='ocrx_word' id='word_1_296' title='bbox 262 2007 413 2047; x_wconf 86' lang='lat' dir='ltr'>passim3</span> <span class='ocrx_word' id='word_1_297' title='bbox 453 2007 648 2047; x_wconf 76' lang='lat' dir='ltr'>Polyboeten</span> <span class='ocrx_word' id='word_1_298' title='bbox 679 2017 742 2047; x_wconf 91' lang='lat' dir='ltr'>pro</span> <span class='ocrx_word' id='word_1_299' title='bbox 774 2007 953 2047; x_wconf 75' lang='lat' dir='ltr'>Polyboten</span> <span class='ocrx_word' id='word_1_300' title='bbox 982 2006 1121 2047; x_wconf 73' lang='lat' dir='ltr'>Vergilii</span> <span class='ocrx_word' id='word_1_301' title='bbox 1148 2006 1233 2037; x_wconf 84' lang='lat' dir='ltr'>Aen.</span> <span class='ocrx_word' id='word_1_302' title='bbox 1263 2014 1301 2037; x_wconf 88' lang='lat' dir='ltr'>VI</span> <span class='ocrx_word' id='word_1_303' title='bbox 1328 2007 1393 2037; x_wconf 86' lang='lat'>484</span> <span class='ocrx_word' id='word_1_304' title='bbox 1418 2008 1454 2037; x_wconf 84' lang='lat' dir='ltr'>et</span> <span class='ocrx_word' id='word_1_305' title='bbox 1479 2005 1584 2037; x_wconf 90' lang='lat' dir='ltr'>Nonii</span> <span class='ocrx_word' id='word_1_306' title='bbox 1608 2015 1642 2046; x_wconf 91' lang='lat' dir='ltr'>p.</span> <span class='ocrx_word' id='word_1_307' title='bbox 1669 2005 1734 2037; x_wconf 87' lang='lat'>397</span> 
     </span>
     <span class='ocr_line' id='line_1_31' title="bbox 196 2057 1734 2099; baseline -0.001 -10"><span class='ocrx_word' id='word_1_308' title='bbox 196 2058 329 2089; x_wconf 89' lang='lat' dir='ltr'>codices</span> <span class='ocrx_word' id='word_1_309' title='bbox 419 2068 557 2098; x_wconf 71' lang='lat' dir='ltr'>yeuuere</span> <span class='ocrx_word' id='word_1_310' title='bbox 581 2068 649 2089; x_wconf 90' lang='lat' dir='ltr'>non</span> <span class='ocrx_word' id='word_1_311' title='bbox 674 2057 734 2089; x_wconf 90' lang='lat' dir='ltr'>illo</span> <span class='ocrx_word' id='word_1_312' title='bbox 759 2061 915 2099; x_wconf 87' lang='lat' dir='ltr'>tempore</span> <span class='ocrx_word' id='word_1_313' title='bbox 939 2058 1015 2089; x_wconf 88' lang='lat' dir='ltr'>nati</span> <span class='ocrx_word' id='word_1_314' title='bbox 1039 2058 1098 2089; x_wconf 91' lang='lat' dir='ltr'>sed</span> <span class='ocrx_word' id='word_1_315' title='bbox 1122 2058 1218 2098; x_wconf 88' lang='lat' dir='ltr'>ipsae</span> <span class='ocrx_word' id='word_1_316' title='bbox 1242 2057 1386 2098; x_wconf 87' lang='lat' dir='ltr'>Hyades</span> <span class='ocrx_word' id='word_1_317' title='bbox 1479 2059 1630 2090; x_wconf 86' lang='lat'>128—139</span> <span class='ocrx_word' id='word_1_318' title='bbox 1655 2066 1734 2088; x_wconf 91' lang='lat' dir='ltr'>cum</span> 
     </span>
     <span class='ocr_line' id='line_1_32' title="bbox 196 2107 1736 2150; baseline -0.001 -10"><span class='ocrx_word' id='word_1_319' title='bbox 196 2109 394 2140; x_wconf 87' lang='lat' dir='ltr'>tricensima</span> <span class='ocrx_word' id='word_1_320' title='bbox 418 2109 544 2140; x_wconf 84' lang='lat' dir='ltr'>Arietis</span> <span class='ocrx_word' id='word_1_321' title='bbox 568 2112 667 2150; x_wconf 90' lang='lat' dir='ltr'>parte</span> <span class='ocrx_word' id='word_1_322' title='bbox 691 2109 802 2140; x_wconf 91' lang='lat' dir='ltr'>oritur</span> <span class='ocrx_word' id='word_1_323' title='bbox 825 2109 975 2150; x_wconf 82' lang='lat' dir='ltr'>Capella,</span> <span class='ocrx_word' id='word_1_324' title='bbox 1000 2109 1237 2140; x_wconf 79' lang='lat' dir='ltr'>consentiente</span> <span class='ocrx_word' id='word_1_325' title='bbox 1260 2109 1354 2149; x_wconf 88' lang='lat' dir='ltr'>quod</span> <span class='ocrx_word' id='word_1_326' title='bbox 1378 2108 1423 2140; x_wconf 87' lang='lat' dir='ltr'>ad</span> <span class='ocrx_word' id='word_1_327' title='bbox 1446 2108 1583 2149; x_wconf 85' lang='lat' dir='ltr'>signum</span> <span class='ocrx_word' id='word_1_328' title='bbox 1607 2107 1736 2139; x_wconf 81' lang='lat' dir='ltr'>attinet</span> 
     </span>
     <span class='ocr_line' id='line_1_33' title="bbox 197 2158 1736 2201; baseline -0.001 -10"><span class='ocrx_word' id='word_1_329' title='bbox 197 2161 271 2192; x_wconf 89' lang='lat' dir='ltr'>cod.</span> <span class='ocrx_word' id='word_1_330' title='bbox 303 2160 442 2191; x_wconf 84' lang='lat' dir='ltr'>Barocc.</span> <span class='ocrx_word' id='word_1_331' title='bbox 473 2160 560 2191; x_wconf 90' lang='lat' dir='ltr'>Boll.</span> <span class='ocrx_word' id='word_1_332' title='bbox 589 2161 723 2201; x_wconf 89' lang='lat' dir='ltr'>sphaer.</span> <span class='ocrx_word' id='word_1_333' title='bbox 752 2171 785 2201; x_wconf 90' lang='lat' dir='ltr'>p.</span> <span class='ocrx_word' id='word_1_334' title='bbox 814 2161 889 2192; x_wconf 86' lang='lat'>465.</span> <span class='ocrx_word' id='word_1_335' title='bbox 938 2160 997 2192; x_wconf 90' lang='lat' dir='ltr'>sed</span> <span class='ocrx_word' id='word_1_336' title='bbox 1024 2160 1119 2201; x_wconf 91' lang='lat' dir='ltr'>turpi</span> <span class='ocrx_word' id='word_1_337' title='bbox 1146 2170 1258 2191; x_wconf 89' lang='lat' dir='ltr'>errore</span> <span class='ocrx_word' id='word_1_338' title='bbox 1286 2159 1460 2200; x_wconf 88' lang='lat' dir='ltr'>Capellam</span> <span class='ocrx_word' id='word_1_339' title='bbox 1487 2162 1568 2200; x_wconf 90' lang='lat' dir='ltr'>post</span> <span class='ocrx_word' id='word_1_340' title='bbox 1594 2158 1736 2190; x_wconf 88' lang='lat' dir='ltr'>Haedos</span> 
     </span>
     <span class='ocr_line' id='line_1_34' title="bbox 197 2209 1734 2252; baseline -0.001 -10"><span class='ocrx_word' id='word_1_341' title='bbox 197 2213 254 2251; x_wconf 91' lang='lat' dir='ltr'>(ne</span> <span class='ocrx_word' id='word_1_342' title='bbox 285 2212 369 2252; x_wconf 90' lang='lat' dir='ltr'>quid</span> <span class='ocrx_word' id='word_1_343' title='bbox 401 2212 443 2242; x_wconf 88' lang='lat' dir='ltr'>de</span> <span class='ocrx_word' id='word_1_344' title='bbox 474 2211 659 2252; x_wconf 88' lang='lat' dir='ltr'>Hyadibus</span> <span class='ocrx_word' id='word_1_345' title='bbox 693 2211 821 2251; x_wconf 88' lang='lat' dir='ltr'>dicam)</span> <span class='ocrx_word' id='word_1_346' title='bbox 856 2211 1024 2243; x_wconf 91' lang='lat' dir='ltr'>orientem</span> <span class='ocrx_word' id='word_1_347' title='bbox 1056 2211 1192 2243; x_wconf 82' lang='lat' dir='ltr'>inducit</span> <span class='ocrx_word' id='word_1_348' title='bbox 1283 2213 1346 2244; x_wconf 75' lang='lat'>127</span> <span class='ocrx_word' id='word_1_349' title='bbox 1377 2210 1589 2250; x_wconf 62' lang='lat' dir='ltr'>sumentibus</span> <span class='ocrx_word' id='word_1_350' title='bbox 1620 2209 1734 2247; x_wconf 73' lang='lat' dir='ltr'>astris,</span> 
     </span>
     <span class='ocr_line' id='line_1_35' title="bbox 197 2260 1738 2303; baseline -0.001 -9"><span class='ocrx_word' id='word_1_351' title='bbox 197 2266 396 2303; x_wconf 82' lang='lat' dir='ltr'>surgentes:</span> <span class='ocrx_word' id='word_1_352' title='bbox 445 2262 525 2294; x_wconf 84' lang='lat' dir='ltr'>uide</span> <span class='ocrx_word' id='word_1_353' title='bbox 559 2271 587 2294; x_wconf 77' lang='grc' dir='ltr'>Π</span> <span class='ocrx_word' id='word_1_354' title='bbox 620 2264 686 2295; x_wconf 89' lang='grc'>410</span> <span class='ocrx_word' id='word_1_355' title='bbox 720 2263 838 2303; x_wconf 90' lang='lat' dir='ltr'>ibique</span> <span class='ocrx_word' id='word_1_356' title='bbox 871 2262 1043 2294; x_wconf 84' lang='lat' dir='ltr'>adnotata</span> <span class='ocrx_word' id='word_1_357' title='bbox 1144 2264 1207 2296; x_wconf 91' lang='grc'>128</span> <span class='ocrx_word' id='word_1_358' title='bbox 1236 2270 1315 2303; x_wconf 85' lang='lat' dir='ltr'>pars</span> <span class='ocrx_word' id='word_1_359' title='bbox 1345 2261 1534 2293; x_wconf 81' lang='lat' dir='ltr'>excluditur</span> <span class='ocrx_word' id='word_1_360' title='bbox 1564 2260 1645 2300; x_wconf 79' lang='lat' dir='ltr'>GL2,</span> <span class='ocrx_word' id='word_1_361' title='bbox 1675 2269 1738 2302; x_wconf 87' lang='lat' dir='ltr'>par</span> 
     </span>
     <span class='ocr_line' id='line_1_36' title="bbox 197 2312 1737 2356; baseline -0.001 -11"><span class='ocrx_word' id='word_1_362' title='bbox 197 2314 404 2346; x_wconf 84' lang='lat' dir='ltr'>sexcluditur</span> <span class='ocrx_word' id='word_1_363' title='bbox 426 2313 473 2353; x_wconf 89' lang='lat' dir='ltr'>M,</span> <span class='ocrx_word' id='word_1_364' title='bbox 497 2323 559 2355; x_wconf 87' lang='lat' dir='ltr'>par</span> <span class='ocrx_word' id='word_1_365' title='bbox 581 2323 617 2346; x_wconf 92' lang='lat' dir='ltr'>se</span> <span class='ocrx_word' id='word_1_366' title='bbox 641 2314 788 2346; x_wconf 87' lang='lat' dir='ltr'>cluditur</span> <span class='ocrx_word' id='word_1_367' title='bbox 810 2314 847 2351; x_wconf 88' lang='lat' dir='ltr'>L,</span> <span class='ocrx_word' id='word_1_368' title='bbox 872 2315 980 2356; x_wconf 85' lang='lat' dir='ltr'>(pars)</span> <span class='ocrx_word' id='word_1_369' title='bbox 1007 2313 1191 2346; x_wconf 82' lang='lat' dir='ltr'>secluditur</span> <span class='ocrx_word' id='word_1_370' title='bbox 1207 2313 1281 2345; x_wconf 90' lang='lat' dir='ltr'>cod.</span> <span class='ocrx_word' id='word_1_371' title='bbox 1300 2313 1464 2349; x_wconf 88' lang='lat' dir='ltr'>Venetus,</span> <span class='ocrx_word' id='word_1_372' title='bbox 1483 2323 1567 2344; x_wconf 88' lang='lat' dir='ltr'>caue</span> <span class='ocrx_word' id='word_1_373' title='bbox 1588 2312 1737 2344; x_wconf 86' lang='lat' dir='ltr'>conicias</span> 
     </span>
     <span class='ocr_line' id='line_1_37' title="bbox 198 2363 1737 2406; baseline -0.001 -11"><span class='ocrx_word' id='word_1_374' title='bbox 198 2365 377 2396; x_wconf 73' lang='lat' dir='ltr'>recluditur</span> <span class='ocrx_word' id='word_1_375' title='bbox 467 2365 586 2396; x_wconf 81' lang='lat' dir='ltr'>ultima</span> <span class='ocrx_word' id='word_1_376' title='bbox 611 2365 771 2405; x_wconf 70' lang='lat' dir='ltr'>Laniyeri</span> <span class='ocrx_word' id='word_1_377' title='bbox 794 2376 875 2405; x_wconf 76' lang='lat' dir='ltr'>pars</span> <span class='ocrx_word' id='word_1_378' title='bbox 900 2365 999 2402; x_wconf 81' lang='lat' dir='ltr'>orbis,</span> <span class='ocrx_word' id='word_1_379' title='bbox 1026 2375 1066 2396; x_wconf 88' lang='lat' dir='ltr'>ea</span> <span class='ocrx_word' id='word_1_380' title='bbox 1090 2375 1171 2406; x_wconf 88' lang='lat' dir='ltr'>pars</span> <span class='ocrx_word' id='word_1_381' title='bbox 1196 2364 1288 2396; x_wconf 86' lang='lat' dir='ltr'>orbis</span> <span class='ocrx_word' id='word_1_382' title='bbox 1314 2374 1403 2405; x_wconf 89' lang='lat' dir='ltr'>quae</span> <span class='ocrx_word' id='word_1_383' title='bbox 1429 2363 1588 2405; x_wconf 82' lang='lat' dir='ltr'>Lanigeri</span> <span class='ocrx_word' id='word_1_384' title='bbox 1612 2363 1737 2395; x_wconf 78' lang='lat' dir='ltr'>ultima</span> 
     </span>
     <span class='ocr_line' id='line_1_38' title="bbox 199 2415 1736 2457; baseline -0.001 -10"><span class='ocrx_word' id='word_1_385' title='bbox 199 2420 261 2448; x_wconf 84' lang='lat' dir='ltr'>est.</span> <span class='ocrx_word' id='word_1_386' title='bbox 313 2416 373 2448; x_wconf 88' lang='lat' dir='ltr'>sed</span> <span class='ocrx_word' id='word_1_387' title='bbox 386 2416 507 2448; x_wconf 89' lang='lat' dir='ltr'>melius</span> <span class='ocrx_word' id='word_1_388' title='bbox 521 2420 561 2448; x_wconf 90' lang='lat' dir='ltr'>ut</span> <span class='ocrx_word' id='word_1_389' title='bbox 573 2419 660 2457; x_wconf 84' lang='lat' dir='ltr'>puto</span> <span class='ocrx_word' id='word_1_390' title='bbox 673 2417 764 2448; x_wconf 86' lang='lat' dir='ltr'>Flor.</span> <span class='ocrx_word' id='word_1_391' title='bbox 780 2420 815 2448; x_wconf 89' lang='lat' dir='ltr'>et</span> <span class='ocrx_word' id='word_1_392' title='bbox 828 2416 928 2448; x_wconf 90' lang='lat' dir='ltr'>Bodl.</span> <span class='ocrx_word' id='word_1_393' title='bbox 945 2420 981 2448; x_wconf 88' lang='lat' dir='ltr'>et</span> <span class='ocrx_word' id='word_1_394' title='bbox 994 2417 1142 2448; x_wconf 86' lang='lat' dir='ltr'>editores</span> <span class='ocrx_word' id='word_1_395' title='bbox 1155 2416 1258 2447; x_wconf 83' lang='lat' dir='ltr'>orbi.</span> <span class='ocrx_word' id='word_1_396' title='bbox 1307 2415 1399 2447; x_wconf 88' lang='lat' dir='ltr'>orbis</span> <span class='ocrx_word' id='word_1_397' title='bbox 1413 2415 1589 2456; x_wconf 81' lang='lat' dir='ltr'>(zodiacus</span> <span class='ocrx_word' id='word_1_398' title='bbox 1603 2415 1736 2456; x_wconf 90' lang='lat' dir='ltr'>opinor,</span> 
     </span>
     <span class='ocr_line' id='line_1_39' title="bbox 201 2465 1736 2509; baseline -0.001 -11"><span class='ocrx_word' id='word_1_399' title='bbox 201 2471 240 2498; x_wconf 90' lang='lat' dir='ltr'>ut</span> <span class='ocrx_word' id='word_1_400' title='bbox 264 2467 330 2499; x_wconf 88' lang='lat' dir='ltr'>Cic.</span> <span class='ocrx_word' id='word_1_401' title='bbox 356 2467 414 2498; x_wconf 86' lang='lat' dir='ltr'>Ar.</span> <span class='ocrx_word' id='word_1_402' title='bbox 440 2468 503 2498; x_wconf 83' lang='lat'>327</span> <span class='ocrx_word' id='word_1_403' title='bbox 528 2471 564 2498; x_wconf 89' lang='lat' dir='ltr'>et</span> <span class='ocrx_word' id='word_1_404' title='bbox 588 2467 701 2499; x_wconf 88' lang='lat' dir='ltr'>Germ.</span> <span class='ocrx_word' id='word_1_405' title='bbox 727 2468 851 2509; x_wconf 89' lang='lat' dir='ltr'>phaen.</span> <span class='ocrx_word' id='word_1_406' title='bbox 878 2469 953 2505; x_wconf 83' lang='lat'>548,</span> <span class='ocrx_word' id='word_1_407' title='bbox 979 2468 1044 2499; x_wconf 86' lang='lat' dir='ltr'>etsi</span> <span class='ocrx_word' id='word_1_408' title='bbox 1067 2478 1129 2509; x_wconf 88' lang='lat' dir='ltr'>pro</span> <span class='ocrx_word' id='word_1_409' title='bbox 1154 2467 1248 2499; x_wconf 87' lang='lat' dir='ltr'>caelo</span> <span class='ocrx_word' id='word_1_410' title='bbox 1272 2467 1381 2508; x_wconf 88' lang='lat' dir='ltr'>accipi</span> <span class='ocrx_word' id='word_1_411' title='bbox 1404 2469 1532 2508; x_wconf 87' lang='lat' dir='ltr'>potest,</span> <span class='ocrx_word' id='word_1_412' title='bbox 1557 2469 1598 2498; x_wconf 90' lang='lat' dir='ltr'>ut</span> <span class='ocrx_word' id='word_1_413' title='bbox 1621 2465 1736 2498; x_wconf 87' lang='lat' dir='ltr'>Germ.</span> 
     </span>
     <span class='ocr_line' id='line_1_40' title="bbox 202 2516 1739 2561; baseline -0.001 -11"><span class='ocrx_word' id='word_1_414' title='bbox 202 2520 263 2550; x_wconf 89' lang='lat'>170</span> <span class='ocrx_word' id='word_1_415' title='bbox 293 2529 342 2559; x_wconf 90' lang='lat' dir='ltr'>sq.</span> <span class='ocrx_word' id='word_1_416' title='bbox 375 2518 433 2550; x_wconf 80' lang='lat' dir='ltr'>ubi</span> <span class='ocrx_word' id='word_1_417' title='bbox 462 2518 536 2550; x_wconf 76' lang='lat' dir='ltr'>illos</span> <span class='ocrx_word' id='word_1_418' title='bbox 566 2519 735 2558; x_wconf 88' lang='lat' dir='ltr'>(Haedos)</span> <span class='ocrx_word' id='word_1_419' title='bbox 759 2518 763 2561; x_wconf 80' lang='grc' dir='ltr'>Ι</span> <span class='ocrx_word' id='word_1_420' title='bbox 783 2520 870 2551; x_wconf 75' lang='lat' dir='ltr'>orbi-s</span> <span class='ocrx_word' id='word_1_421' title='bbox 899 2520 939 2551; x_wconf 85' lang='lat' dir='ltr'>ab</span> <span class='ocrx_word' id='word_1_422' title='bbox 969 2519 1098 2551; x_wconf 77' lang='lat' dir='ltr'>Oceano</span> <span class='ocrx_word' id='word_1_423' title='bbox 1127 2519 1227 2550; x_wconf 76' lang='lat' dir='ltr'>celsos</span> <span class='ocrx_word' id='word_1_424' title='bbox 1255 2519 1359 2559; x_wconf 74' lang='lat' dir='ltr'>rapit)</span> <span class='ocrx_word' id='word_1_425' title='bbox 1390 2518 1551 2550; x_wconf 75' lang='lat' dir='ltr'>ultimam</span> <span class='ocrx_word' id='word_1_426' title='bbox 1579 2516 1739 2559; x_wconf 88' lang='lat' dir='ltr'>Lanigeri</span> 
     </span>
     <span class='ocr_line' id='line_1_41' title="bbox 199 2568 1738 2612; baseline -0.001 -12"><span class='ocrx_word' id='word_1_427' title='bbox 199 2573 336 2611; x_wconf 86' lang='lat' dir='ltr'>partem</span> <span class='ocrx_word' id='word_1_428' title='bbox 357 2569 521 2606; x_wconf 80' lang='lat' dir='ltr'>excludit,</span> <span class='ocrx_word' id='word_1_429' title='bbox 544 2570 609 2601; x_wconf 88' lang='lat' dir='ltr'>hoc</span> <span class='ocrx_word' id='word_1_430' title='bbox 630 2573 683 2601; x_wconf 88' lang='lat' dir='ltr'>est</span> <span class='ocrx_word' id='word_1_431' title='bbox 704 2574 803 2601; x_wconf 79' lang='lat' dir='ltr'>extra</span> <span class='ocrx_word' id='word_1_432' title='bbox 825 2571 980 2602; x_wconf 88' lang='lat' dir='ltr'>clausum</span> <span class='ocrx_word' id='word_1_433' title='bbox 1002 2571 1144 2612; x_wconf 80' lang='lat' dir='ltr'>profert,</span> <span class='ocrx_word' id='word_1_434' title='bbox 1166 2580 1381 2611; x_wconf 88' lang='lat' dir='ltr'>quamquam</span> <span class='ocrx_word' id='word_1_435' title='bbox 1402 2580 1473 2601; x_wconf 91' lang='lat' dir='ltr'>non</span> <span class='ocrx_word' id='word_1_436' title='bbox 1492 2569 1595 2610; x_wconf 90' lang='lat' dir='ltr'>plane</span> <span class='ocrx_word' id='word_1_437' title='bbox 1616 2568 1738 2600; x_wconf 87' lang='lat' dir='ltr'>eodem</span> 
     </span>
     <span class='ocr_line' id='line_1_42' title="bbox 201 2619 1740 2662; baseline -0.002 -10"><span class='ocrx_word' id='word_1_438' title='bbox 201 2621 305 2652; x_wconf 91' lang='lat' dir='ltr'>modo</span> <span class='ocrx_word' id='word_1_439' title='bbox 324 2624 386 2652; x_wconf 89' lang='lat' dir='ltr'>aut</span> <span class='ocrx_word' id='word_1_440' title='bbox 405 2631 486 2652; x_wconf 83' lang='lat' dir='ltr'>aues</span> <span class='ocrx_word' id='word_1_441' title='bbox 505 2621 617 2662; x_wconf 87' lang='lat' dir='ltr'>pullos</span> <span class='ocrx_word' id='word_1_442' title='bbox 636 2632 715 2653; x_wconf 86' lang='lat' dir='ltr'>suos</span> <span class='ocrx_word' id='word_1_443' title='bbox 734 2621 914 2653; x_wconf 79' lang='lat' dir='ltr'>excludere</span> <span class='ocrx_word' id='word_1_444' title='bbox 933 2622 1097 2653; x_wconf 85' lang='lat' dir='ltr'>dicuntur</span> <span class='ocrx_word' id='word_1_445' title='bbox 1115 2625 1178 2653; x_wconf 88' lang='lat' dir='ltr'>aut</span> <span class='ocrx_word' id='word_1_446' title='bbox 1196 2621 1404 2653; x_wconf 86' lang='lat' dir='ltr'>Trimalchio</span> <span class='ocrx_word' id='word_1_447' title='bbox 1423 2620 1514 2652; x_wconf 88' lang='lat' dir='ltr'>Petr.</span> <span class='ocrx_word' id='word_1_448' title='bbox 1535 2621 1577 2652; x_wconf 85' lang='lat'>32</span> <span class='ocrx_word' id='word_1_449' title='bbox 1596 2621 1616 2651; x_wconf 85' lang='lat'>2</span> <span class='ocrx_word' id='word_1_450' title='bbox 1634 2619 1740 2660; x_wconf 88' lang='lat' dir='ltr'>pallio</span> 
     </span>
     <span class='ocr_line' id='line_1_43' title="bbox 201 2670 1739 2714; baseline -0.001 -11"><span class='ocrx_word' id='word_1_451' title='bbox 201 2673 359 2704; x_wconf 89' lang='lat' dir='ltr'>coccineo</span> <span class='ocrx_word' id='word_1_452' title='bbox 384 2675 491 2713; x_wconf 87' lang='lat' dir='ltr'>caput</span> <span class='ocrx_word' id='word_1_453' title='bbox 515 2672 708 2704; x_wconf 79' lang='lat' dir='ltr'>exclusisse.</span> <span class='ocrx_word' id='word_1_454' title='bbox 756 2673 874 2714; x_wconf 88' lang='lat' dir='ltr'>inepte</span> <span class='ocrx_word' id='word_1_455' title='bbox 898 2673 1015 2714; x_wconf 85' lang='lat' dir='ltr'>Fayus</span> <span class='ocrx_word' id='word_1_456' title='bbox 1039 2673 1110 2704; x_wconf 83' lang='lat' dir='ltr'>orbi</span> <span class='ocrx_word' id='word_1_457' title='bbox 1133 2673 1384 2714; x_wconf 85' lang='lat' dir='ltr'>interpretatur</span> <span class='ocrx_word' id='word_1_458' title='bbox 1408 2671 1513 2708; x_wconf 73' lang='lat' dir='ltr'>terris,</span> <span class='ocrx_word' id='word_1_459' title='bbox 1539 2681 1628 2712; x_wconf 89' lang='lat' dir='ltr'>quae</span> <span class='ocrx_word' id='word_1_460' title='bbox 1652 2670 1739 2701; x_wconf 85' lang='lat' dir='ltr'>inse-</span> 
     </span>
     <span class='ocr_line' id='line_1_44' title="bbox 200 2720 1738 2764; baseline -0.001 -10"><span class='ocrx_word' id='word_1_461' title='bbox 200 2724 322 2764; x_wconf 90' lang='lat' dir='ltr'>quenti</span> <span class='ocrx_word' id='word_1_462' title='bbox 350 2733 451 2754; x_wconf 89' lang='lat' dir='ltr'>uersu</span> <span class='ocrx_word' id='word_1_463' title='bbox 479 2723 653 2754; x_wconf 87' lang='lat' dir='ltr'>habentur</span> <span class='ocrx_word' id='word_1_464' title='bbox 746 2726 807 2757; x_wconf 87' lang='lat'>130</span> <span class='ocrx_word' id='word_1_465' title='bbox 835 2724 932 2755; x_wconf 84' lang='lat' dir='ltr'>Arat.</span> <span class='ocrx_word' id='word_1_466' title='bbox 962 2726 1023 2755; x_wconf 85' lang='grc'>164</span> <span class='ocrx_word' id='word_1_467' title='bbox 1056 2726 1187 2763; x_wconf 84' lang='grc' dir='ltr'>ὠλενίην</span> <span class='ocrx_word' id='word_1_468' title='bbox 1221 2725 1254 2755; x_wconf 83' lang='grc' dir='ltr'>δέ</span> <span class='ocrx_word' id='word_1_469' title='bbox 1283 2736 1335 2762; x_wconf 85' lang='grc' dir='ltr'>μιν</span> <span class='ocrx_word' id='word_1_470' title='bbox 1367 2725 1451 2763; x_wconf 76' lang='grc' dir='ltr'>Αἶγα</span> <span class='ocrx_word' id='word_1_471' title='bbox 1482 2724 1561 2754; x_wconf 86' lang='grc' dir='ltr'>Διὸσ</span> <span class='ocrx_word' id='word_1_472' title='bbox 1591 2720 1738 2753; x_wconf 80' lang='grc' dir='ltr'>καλέουσ’</span> 
     </span>
     <span class='ocr_line' id='line_1_45' title="bbox 202 2773 1740 2815; baseline -0.003 -9"><span class='ocrx_word' id='word_1_473' title='bbox 202 2777 376 2814; x_wconf 84' lang='grc' dir='ltr'>ὑποφῆται,</span> <span class='ocrx_word' id='word_1_474' title='bbox 409 2774 515 2806; x_wconf 78' lang='lat' dir='ltr'>schol.</span> <span class='ocrx_word' id='word_1_475' title='bbox 549 2777 662 2813; x_wconf 81' lang='grc' dir='ltr'>ὠλενίη</span> <span class='ocrx_word' id='word_1_476' title='bbox 694 2776 726 2806; x_wconf 74' lang='grc' dir='ltr'>δὲ</span> <span class='ocrx_word' id='word_1_477' title='bbox 758 2776 888 2815; x_wconf 68' lang='grc' dir='ltr'>λέγεται</span> <span class='ocrx_word' id='word_1_478' title='bbox 921 2777 971 2807; x_wconf 90' lang='grc' dir='ltr'>διὰ</span> <span class='ocrx_word' id='word_1_479' title='bbox 1002 2777 1038 2807; x_wconf 81' lang='grc' dir='ltr'>τὸ</span> <span class='ocrx_word' id='word_1_480' title='bbox 1070 2778 1122 2807; x_wconf 79' lang='grc' dir='ltr'>ἐπὶ</span> <span class='ocrx_word' id='word_1_481' title='bbox 1152 2777 1215 2814; x_wconf 82' lang='grc' dir='ltr'>τῆσ</span> <span class='ocrx_word' id='word_1_482' title='bbox 1248 2776 1372 2812; x_wconf 80' lang='grc' dir='ltr'>ὠλένηο·</span> <span class='ocrx_word' id='word_1_483' title='bbox 1401 2777 1457 2805; x_wconf 84' lang='grc' dir='ltr'>τοῦ</span> <span class='ocrx_word' id='word_1_484' title='bbox 1482 2773 1635 2812; x_wconf 80' lang='grc' dir='ltr'>Ἠνιόχου</span> <span class='ocrx_word' id='word_1_485' title='bbox 1661 2774 1740 2803; x_wconf 84' lang='grc' dir='ltr'>εἶναι</span> 
     </span>
     <span class='ocr_line' id='line_1_46' title="bbox 203 2823 1740 2867; baseline -0.003 -9"><span class='ocrx_word' id='word_1_486' title='bbox 203 2828 258 2866; x_wconf 75' lang='lat' dir='ltr'>(ea</span> <span class='ocrx_word' id='word_1_487' title='bbox 290 2836 371 2858; x_wconf 86' lang='lat' dir='ltr'>uero</span> <span class='ocrx_word' id='word_1_488' title='bbox 405 2825 506 2867; x_wconf 76' lang='grc' dir='ltr'>σκαιῷ</span> <span class='ocrx_word' id='word_1_489' title='bbox 538 2828 736 2865; x_wconf 78' lang='grc' dir='ltr'>ἐπελήλαται</span> <span class='ocrx_word' id='word_1_490' title='bbox 768 2828 840 2867; x_wconf 83' lang='grc' dir='ltr'>ὤμῳ</span> <span class='ocrx_word' id='word_1_491' title='bbox 874 2827 949 2867; x_wconf 87' lang='grc'>162)</span> <span class='ocrx_word' id='word_1_492' title='bbox 981 2829 1011 2866; x_wconf 81' lang='grc' dir='ltr'>ἢ,</span> <span class='ocrx_word' id='word_1_493' title='bbox 1046 2827 1092 2859; x_wconf 69' lang='lat' dir='ltr'>ebo·</span> <span class='ocrx_word' id='word_1_494' title='bbox 1123 2829 1228 2866; x_wconf 79' lang='grc' dir='ltr'>ἄλλοι,</span> <span class='ocrx_word' id='word_1_495' title='bbox 1266 2826 1394 2858; x_wconf 82' lang='grc' dir='ltr'>Ὠλένου</span> <span class='ocrx_word' id='word_1_496' title='bbox 1427 2826 1579 2866; x_wconf 69' lang='grc' dir='ltr'>θυγάτηρ,</span> <span class='ocrx_word' id='word_1_497' title='bbox 1608 2824 1668 2865; x_wconf 89' lang='lat' dir='ltr'>qui</span> <span class='ocrx_word' id='word_1_498' title='bbox 1700 2823 1740 2860; x_wconf 85' lang='lat' dir='ltr'>si,</span> 
     </span>
    </p>
   </div>
  </div>
 </body>
</html>
