1855 3088
243 120 296 159 70
832 114 894 159 M.
927 113 1179 160 MANILII

277 237 346 269 533
402 234 478 271 aut
497 233 651 285 coquet
670 229 833 284 argenti
852 229 1022 284 glaebas
1041 244 1279 284 uenamque
1298 229 1503 271 latentem

402 309 520 345 eruet
539 309 583 345 et
602 304 759 345 silicem
777 304 869 345 riuo
889 304 1064 345 saliente
1083 304 1265 359 liquabit
1284 318 1292 354 ;

278 386 347 417 535
402 383 478 420 aut
498 378 601 420 facti
620 383 828 420 mercator
848 378 928 420 erit
946 393 1020 433 per
1038 383 1267 433 utrumque
1286 377 1448 420 metalli

403 453 584 494 alterum
604 458 647 494 et
666 453 838 494 alterius
858 467 1021 508 semper
1040 452 1227 494 mutabit
1247 453 1301 493 ad
1320 467 1433 494 usus.

402 527 506 569 talia
526 527 721 582 Cassiope
741 532 991 569 nascentum
1010 532 1182 582 pectora
1201 527 1344 581 finget.

456 601 752 644 Andromedae
772 602 962 657 sequitur
981 602 1109 652 sidus,
1132 616 1240 657 quae
1260 601 1449 643 Piscibus
1469 600 1572 642 ortis

404 676 469 718 bis
488 691 562 718 sex
580 677 623 718 in
644 682 786 731 partes
806 676 920 718 caelo
940 676 1058 718 venit
1078 691 1204 718 aurea
1224 676 1387 717 dextro.

280 758 349 789 540
404 750 513 792 hanc
534 752 750 807 quondam
769 766 929 806 poenae
948 752 1136 792 dirorum
1155 751 1280 806 culpa
1299 755 1525 805 parentum

405 826 604 880 prodidit,
626 826 804 868 infestus
823 825 927 868 totis
947 840 1044 867 cum
1062 825 1217 867 finibus
1237 825 1373 867 omnis

244 944 482 985 plastratores,
494 948 612 986 potest
623 945 686 977 hos
698 955 818 977 uersus
830 946 900 976 iam
912 945 979 976 huc
992 944 1181 976 translatos
1193 945 1364 975 inuenisse
1456 945 1519 977 533
1531 944 1593 975 aut
1605 943 1780 975 Breiterus

244 997 340 1036 (non,
363 1006 468 1037 quem
489 997 562 1038 ipse
584 997 680 1033 dicit,
704 997 918 1038 Pingraeus),
942 995 986 1028 ad
1007 995 1054 1034 M,
1077 997 1112 1027 et
1133 995 1211 1027 GL:
1247 995 1327 1027 uide
1349 996 1414 1027 535
1505 996 1628 1035 coquet
1648 993 1782 1035 argenti

245 1045 284 1085 G,
306 1055 440 1088 quoque
460 1047 609 1088 targenti
628 1047 717 1086 L2M,
740 1046 1028 1088 quoqutaurgenti
1047 1047 1073 1078 L
1164 1057 1248 1078 auro
1270 1048 1416 1088 excepto
1437 1048 1551 1077 cetera
1572 1047 1608 1077 in
1629 1045 1780 1077 metallis

243 1102 381 1139 reperta
408 1100 479 1140 igni
507 1099 624 1141 perfici
653 1102 775 1131 auctor
803 1102 856 1131 est
884 1099 1015 1130 Plinius
1043 1099 1113 1130 n.h.
1144 1107 1269 1129 xxxm
1297 1099 1349 1129 62.
1397 1108 1520 1129 uenam
1548 1098 1682 1139 argenti
1709 1107 1780 1129 non

245 1150 281 1180 in
309 1153 421 1182 terrae
450 1151 637 1182 uisceribus
667 1151 727 1182 sed
754 1151 790 1182 in
819 1151 965 1182 materia
994 1150 1096 1182 simul
1124 1150 1249 1181 effossa
1279 1149 1430 1181 latentem
1458 1152 1546 1180 eruet
1575 1148 1779 1190 coquendo:

247 1201 337 1232 Pers.
367 1211 396 1233 11
423 1203 464 1233 66
491 1212 541 1243 sq.
571 1202 728 1243 strinqere
753 1212 859 1233 uenas
881 1200 885 1244 Ι
900 1201 1065 1242 seruantis
1091 1211 1221 1232 massae
1247 1200 1347 1232 crudo
1374 1200 1413 1232 de
1436 1200 1588 1240 puluere,
1615 1210 1680 1241 pro
1707 1210 1780 1241 quo

246 1252 407 1285 Manilius
437 1253 565 1285 silicem
595 1254 689 1285 dicit.
739 1256 960 1295 πρωθύστερον
991 1253 1121 1284 frustra
1151 1252 1288 1293 fingunt
1314 1253 1520 1293 interpretes
1612 1253 1676 1285 534
1705 1251 1781 1283 riuo

245 1303 387 1336 saliente
411 1304 463 1343 L2,
487 1304 580 1337 riuos
604 1305 750 1337 alienate
774 1304 850 1343 GM,
874 1304 949 1336 riuo
973 1304 1119 1336 alienate
1142 1303 1179 1342 L,
1203 1303 1278 1335 riuo
1302 1303 1415 1335 solum
1438 1302 1512 1334 cod.
1538 1303 1692 1334 Venetus

290 1354 434 1396 liquabit
458 1356 538 1395 GL2,
562 1356 708 1397 liquauit
731 1356 794 1388 LM
885 1356 1014 1387 silicem
1038 1356 1115 1397 igne
1139 1355 1348 1396 liquefaciet,
1373 1357 1414 1386 ut
1437 1354 1532 1385 riuus
1556 1353 1619 1385 fiat
1643 1354 1780 1386 saliens.

247 1406 336 1438 Stat.
354 1407 429 1439 silu.
447 1417 490 1439 111
507 1410 520 1439 l
543 1409 603 1439 122
619 1408 703 1440 silex
717 1419 822 1440 curua
831 1407 969 1448 fornace
984 1407 1144 1447 liquescit,
1162 1407 1262 1439 Ouid.
1280 1409 1361 1437 met.
1378 1414 1432 1437 vn
1448 1407 1510 1437 107
1526 1405 1636 1437 silices
1644 1405 1782 1446 fornace

248 1458 359 1496 soluti,
385 1459 484 1500 Verg.
511 1460 596 1491 Aen.
624 1468 692 1491 VIII
722 1462 787 1491 445
812 1459 894 1500 fluit
924 1469 980 1490 aes
1009 1458 1107 1490 riuis.
1155 1460 1272 1499 ἕψησιν
1304 1460 1340 1489 et
1365 1460 1460 1497 χύσιν
1485 1456 1669 1498 significari
1692 1457 1783 1489 uidit

247 1509 435 1542 Salmasius
459 1511 545 1542 Plin.
570 1522 679 1542 exerc.
706 1522 733 1543 c.
759 1513 800 1542 52
825 1513 872 1552 (p.
898 1512 959 1542 761
986 1510 1038 1542 ed.
1064 1520 1119 1541 an.
1147 1510 1269 1549 1689):
1306 1510 1513 1550 interpretes
1535 1508 1783 1540 incredibiliter

245 1561 417 1594 falluntur
508 1565 571 1597 535
601 1565 663 1594 aut
692 1562 738 1601 M,
770 1565 806 1594 at
836 1562 875 1601 G,
907 1564 940 1594 et
969 1561 995 1593 L
1085 1565 1270 1601 utrumque,
1302 1559 1529 1601 aurilegulum
1559 1563 1594 1591 et
1623 1559 1783 1592 flatorem

248 1615 507 1654 argentarium:
542 1618 635 1646 recte
657 1614 854 1655 Pingraeus.
903 1613 1052 1654 Scaliger
1071 1623 1131 1653 per
1152 1616 1326 1652 utrumque
1346 1613 1397 1643 ita
1418 1612 1552 1652 accepit
1573 1612 1672 1652 quasi
1693 1615 1784 1643 esset

248 1675 287 1695 ea:
302 1668 447 1705 utroque,
465 1676 549 1697 auro
565 1670 601 1697 et
617 1669 772 1707 argento,
789 1666 861 1707 ipse
877 1665 1019 1706 quidem
1035 1664 1201 1695 electrum
1217 1663 1361 1694 indicari
1376 1665 1474 1694 ratus
1490 1666 1656 1703 sequente
1672 1662 1782 1704 Fayo,

249 1726 328 1748 cum
349 1717 523 1749 Breiterus
543 1721 578 1749 et
599 1718 875 1758 Wageningenus
896 1726 1019 1748 aurum
1039 1726 1082 1747 ex
1103 1726 1198 1752 auro,
1219 1718 1403 1756 argentum
1422 1725 1465 1745 ex
1485 1717 1629 1755 argento
1648 1714 1784 1746 factum

248 1768 468 1809 interpretari
491 1769 678 1800 uideantur
770 1770 834 1802 536
856 1767 1004 1799 alterum
1026 1767 1100 1805 LM,
1125 1766 1235 1798 altum
1258 1765 1294 1797 ni
1318 1765 1367 1797 G:
1406 1765 1449 1796 de
1472 1764 1611 1796 elisione
1634 1765 1715 1797 uide
1739 1766 1785 1797 ad

249 1827 277 1850 11
294 1820 357 1851 937
362 1822 379 1840 a
395 1822 442 1862 (p.
460 1822 537 1860 111)
629 1820 714 1861 quid
726 1820 791 1851 hoc
808 1830 910 1851 uersu
927 1819 1063 1850 dicatur
1079 1818 1164 1849 mihi
1180 1817 1367 1849 obscurum
1383 1819 1446 1853 est,
1463 1826 1526 1847 nec
1543 1816 1654 1848 multo
1671 1818 1786 1849 minus

248 1871 435 1903 obscurum
462 1872 557 1913 quod
585 1872 736 1903 Huetius
762 1871 1060 1912 interpretationis
1087 1870 1162 1901 loco
1190 1869 1322 1911 profert
1349 1869 1578 1909 recinuntque
1605 1869 1786 1900 nouissimi

249 1922 398 1955 editores
421 1923 428 1936 ‘
444 1935 567 1955 aurum
588 1926 743 1965 argento,
764 1925 947 1963 argentum
967 1932 1051 1953 auro
1067 1920 1299 1952 commutabit
1310 1919 1330 1951 '.
1378 1919 1538 1951 disertius
1554 1922 1589 1951 et
1605 1922 1646 1951 ut
1661 1919 1785 1951 saltem

251 1975 419 2015 cogitasse
448 1975 694 2016 intellegantur
724 1974 873 2015 Scaliger
905 1974 912 1986 ‘
927 1973 988 2014 qui
1017 1983 1102 2004 uasa
1132 1982 1237 2003 aurea
1266 1971 1448 2012 argenteis,
1480 1973 1643 2011 argentea
1673 1971 1786 2003 aureis

250 2026 484 2066 permutent',
511 2026 698 2058 Salmasius
724 2025 770 2056 l.l.
801 2024 909 2066 ‘quid
935 2024 1152 2055 manifestius
1178 2033 1284 2064 quam
1311 2023 1385 2053 istis
1412 2021 1595 2063 significari
1624 2032 1785 2054 nummu-

250 2076 374 2108 larium
405 2081 441 2109 et
471 2078 731 2114 cambiatorem,
759 2077 820 2117 qui
850 2076 998 2107 alterum
1029 2074 1210 2106 metallum
1237 2075 1273 2105 in
1300 2074 1361 2114 (sic
1388 2074 1490 2110 enim,
1519 2073 1557 2104 in
1582 2083 1676 2111 usus,
1703 2077 1786 2106 ante

253 2128 450 2160 Bentleium
469 2129 651 2169 edebatur)
672 2129 813 2160 alterius
832 2138 934 2159 usum
953 2130 1070 2158 mutat
1083 2129 1096 2158 ¹?
1109 2126 1117 2139 ’
1209 2128 1289 2167 post
1309 2128 1373 2158 537
1395 2125 1542 2156 fortasse
1564 2125 1786 2157 inserendum

252 2190 324 2211 esse
340 2189 368 2211 11
382 2182 446 2213 232
462 2181 507 2212 ad
520 2180 619 2212 illum
634 2190 773 2211 uersum
789 2179 862 2210 dixi
953 2180 1105 2212 538-692
1123 2187 1202 2209 cum
1218 2177 1373 2208 Piscibus
1389 2176 1546 2213 orientia,
1562 2176 1786 2208 Andromeda

253 2231 373 2272 Equus
406 2232 605 2273 Engonasin
637 2232 741 2263 Cetus
833 2232 985 2263 538-630
1017 2239 1096 2260 cum
1128 2228 1333 2259 duodecima
1364 2227 1515 2258 Piscium
1545 2230 1645 2268 parte
1677 2228 1787 2259 oritur

253 2283 497 2315 Andromeda:
530 2294 610 2315 cum
629 2283 784 2314 Piscibus
803 2283 909 2313 etiam
928 2281 1025 2312 Arat.
1047 2281 1154 2312 704—9
1173 2283 1208 2311 et
1226 2280 1345 2311 Teucr.
1367 2278 1455 2310 Boll.
1474 2278 1608 2320 sphaer.
1628 2289 1661 2320 p.
1683 2280 1721 2310 51
1743 2280 1785 2312 33

344 2338 407 2369 538
426 2334 654 2367 andromedae
674 2334 749 2372 GM,
770 2332 1021 2365 andromachae
1039 2332 1065 2364 L
1157 2333 1220 2364 539
1239 2331 1319 2362 ortis
1337 2330 1387 2361 bis
1405 2340 1462 2361 sex
1480 2330 1518 2361 in
1534 2333 1656 2370 partes,
1676 2340 1787 2371 usque

253 2386 298 2418 ad
322 2390 458 2428 partem
482 2395 546 2417 ΧΠ.
603 2397 673 2417 non
697 2385 799 2427 plane
826 2385 1001 2416 diuersum
1026 2386 1079 2415 est
1104 2392 1118 2414 Ι
1143 2384 1208 2414 574
1234 2382 1378 2422 quinque
1404 2381 1442 2412 in
1464 2384 1576 2421 partes
1593 2405 1601 2412 .
1621 2405 1628 2412 .
1647 2405 1654 2412 .
1674 2381 1786 2419 distat,

254 2438 313 2469 sed
336 2438 479 2469 similius
502 2438 615 2470 Germ.
640 2437 764 2478 phaen.
789 2437 852 2467 592
876 2435 1032 2475 merqitur
1056 2434 1094 2466 in
1121 2437 1201 2465 totos
1228 2443 1358 2464 umeros
1385 2432 1580 2472 Ophiuchus
1670 2431 1787 2465 dextro

252 2489 299 2528 M,
321 2489 438 2521 dextra.
458 2488 512 2520 GL
604 2490 756 2522 540—618
776 2497 948 2529 purpurae
968 2496 1038 2517 non
1058 2496 1139 2517 sane
1160 2484 1454 2526 splendidissimae
1474 2483 1619 2515 adsutus
1639 2493 1786 2524 pannus.

254 2540 538 2572 luculentioribus
553 2539 709 2571 uersibus
724 2538 869 2570 eandem
885 2538 1064 2569 materiem
1079 2539 1295 2568 tractauerat
1311 2535 1456 2567 Ouidius
1471 2537 1552 2566 met.
1569 2543 1606 2565 IV
1622 2535 1786 2572 670-764‚

254 2603 275 2623 a
290 2602 360 2633 quo
375 2591 537 2623 Manilius
552 2601 622 2622 non
638 2591 688 2621 ita
703 2589 815 2621 multa
830 2589 989 2630 sumpsit,
1006 2588 1179 2629 quaedam
1195 2590 1286 2618 certe
1301 2586 1346 2618 ab
1362 2586 1537 2627 Euripidis
1552 2585 1786 2618 Andromeda.

255 2643 408 2675 eiusdem
433 2642 628 2683 argumenti
652 2641 872 2672 hexametros
896 2639 1037 2671 mutilos
1061 2649 1103 2670 ex
1127 2648 1261 2680 papyro
1286 2637 1535 2678 Chicaginiensi
1558 2637 1667 2668 edidit
1691 2637 1719 2668 I.
1745 2637 1786 2669 V.

256 2694 424 2727 Powellus
449 2693 580 2725 collect.
608 2692 829 2723 Alexandrin.
856 2702 889 2733 p.
918 2692 970 2728 85,
996 2690 1056 2721 ubi
1080 2689 1213 2721 Manilii
1237 2688 1393 2720 uersibus
1417 2689 1482 2720 558
1506 2698 1556 2728 sq.
1582 2688 1788 2729 respondere

255 2746 419 2778 uidentur
447 2746 486 2776 12
514 2754 564 2785 sq.
595 2746 652 2781 τὴν
686 2745 719 2774 δὲ
750 2745 947 2783 σιδηρεόεσσι
974 2744 1112 2781 βρόχοισ
1129 2766 1135 2773 .
1156 2765 1163 2772 .
1183 2764 1190 2772 .
1210 2743 1361 2771 ἀλκυονὶσ
1389 2741 1475 2780 χήρα
1503 2741 1590 2780 παρὰ
1618 2742 1742 2777 κύματα

347 2799 410 2832 540
429 2796 529 2829 Ouid.
550 2798 614 2827 art.
635 2804 663 2826 Π
681 2795 744 2827 383
763 2794 838 2826 dira
854 2804 978 2834 parens
996 2793 1138 2830 Procne,
1157 2801 1371 2833 quamquam
1391 2791 1504 2822 nescio
1525 2801 1570 2822 an
1591 2790 1658 2821 huc
1680 2791 1789 2832 magis

254 2850 429 2892 pertineat
459 2848 536 2880 Sen.
568 2847 645 2878 Tro.
679 2847 720 2878 66
744 2845 865 2887 fatalis
897 2845 968 2882 Ide,
992 2844 1116 2876 iudicis
1146 2843 1214 2875 diri
1242 2842 1360 2874 domus
1452 2843 1604 2876 541-544
1626 2841 1787 2883 Apollod.
