1855 3088
604 113 1087 157 ASTRONOMICON
1118 113 1158 155 V
1620 113 1644 152 3

280 232 323 268 et
342 226 464 268 Canis
482 226 527 268 in
545 231 687 268 totum
706 232 880 281 portans
898 226 1091 268 incendia
1110 225 1318 267 mundum

279 315 434 355 araque
454 301 660 350 diuorum,
683 301 749 342 cui
769 306 919 342 uotum
939 301 1065 342 soluit
1086 301 1291 354 Olympus
1310 313 1319 348 ;

279 374 390 415 illino
410 389 483 429 per
502 375 688 429 geminas
706 375 866 429 Anguis
887 375 958 429 qui
978 375 1135 416 labitur
1153 374 1304 415 Arctos

181 455 225 486 20
279 448 603 503 Heniochusque
623 463 783 490 memor
802 463 946 490 currus
965 448 1227 503 plaustrique
1247 448 1402 488 Bootes

280 527 408 577 atque
426 522 687 564 Ariadnaeae
708 523 902 564 caelestia
922 523 1034 563 dona
1053 536 1230 563 coronae

280 596 415 637 uictor
434 601 477 637 et
496 597 656 638 inuisae
675 597 848 638 Perseus
869 611 965 637 cum
985 597 1090 637 falce
1111 596 1308 637 Medusae

278 670 660 726 Andromedanque
679 685 832 712 necans
851 671 1015 725 genitor
1034 684 1131 711 oum
1150 669 1323 723 coniuge
1344 668 1545 722 Cepheus,

280 759 446 799 quaque
465 745 583 786 uolat
602 745 795 786 stellatus
815 745 961 799 Equus
981 744 1185 799 celerique
1205 743 1393 798 Sagittae

117 878 239 919 reliqui
271 878 463 919 mythologi
495 879 537 910 de
571 878 699 910 boreali
731 879 875 910 dicunt’
911 878 1096 910 BentleiuS.
1145 889 1187 909 ex
1220 877 1356 908 duobus
1388 886 1496 907 unum
1529 876 1649 907 fecisse

118 929 256 960 uidetur
281 929 413 961 Statius
439 929 544 961 Theb.
573 939 595 960 v
621 931 685 961 529
711 940 760 970 sq.
853 929 928 961 auri
953 928 1018 968 GL,
1045 928 1177 960 detauri
1202 928 1237 959 M
1330 930 1370 960 18
1395 937 1456 958 ara
1480 927 1648 964 diuorum,

118 983 159 1011 ut
182 981 221 1012 13
242 981 324 1011 ratis
345 980 488 1017 heroum,
510 983 604 1012 recto
626 983 661 1012 et
682 981 827 1022 simplici
848 981 974 1011 iudicio
996 981 1249 1011 coniunxerunt
1270 979 1347 1010 edd.
1372 981 1471 1015 uett.,
1493 978 1650 1009 diuorum

117 1035 232 1062 uotum
260 1031 416 1068 Iacobus,
445 1032 544 1072 quasi
572 1042 641 1063 non
668 1032 760 1063 idem
787 1035 822 1063 et
849 1032 1084 1072 nuncuparint
1111 1034 1235 1062 uotum
1262 1033 1298 1061 et
1325 1029 1513 1066 soluerint;
1555 1029 1648 1070 quod

118 1082 284 1119 restabat,
312 1082 346 1113 id
373 1082 437 1113 sibi
463 1083 737 1123 Wageningenus
762 1083 960 1114 faciendum
986 1082 1097 1118 duxit,
1125 1085 1165 1112 ut
1191 1081 1390 1122 genetiuum
1417 1080 1461 1111 ad
1488 1080 1651 1120 Olympus

118 1133 269 1170 referret,
294 1133 589 1174 quemadmodum
613 1133 740 1165 dicitur
762 1134 972 1175 Lugdunum
996 1134 1211 1164 Batauorum
1324 1134 1366 1165 20
1390 1142 1510 1162 memor
1533 1141 1651 1162 currus

122 1183 129 1196 ‘
143 1183 282 1215 roulant
303 1194 424 1215 encore
446 1195 508 1215 son
531 1185 613 1216 char
628 1185 635 1197 ’
660 1184 856 1225 Pingraeus.
904 1188 1049 1225 uterque
1072 1184 1234 1224 antiquas
1257 1186 1348 1214 artes
1370 1183 1476 1214 etiam
1499 1183 1534 1213 in
1556 1182 1650 1213 caelo

119 1238 266 1271 exercet,
285 1235 403 1271 68-72‚
421 1243 435 1265 1
451 1236 559 1266 314-7
651 1237 691 1268 21
708 1235 805 1272 dona,
820 1236 899 1266 uide
916 1235 961 1266 ad
974 1236 1038 1266 254
1055 1245 1104 1275 sq.
1199 1236 1240 1267 23
1256 1242 1382 1265 necans
1396 1234 1469 1265 cod.
1486 1234 1649 1270 Venetus,

118 1294 247 1326 negans
269 1284 370 1322 GLM,
394 1285 485 1316 idem
507 1296 600 1317 error
622 1286 721 1317 Ouid.
747 1297 853 1317 amor.
877 1295 905 1316 11
930 1287 969 1317 14
994 1288 1044 1322 15,
1068 1286 1137 1316 her.
1162 1294 1187 1315 X
1212 1286 1284 1321 115,
1307 1285 1386 1315 fast.
1411 1293 1449 1315 IV
1471 1285 1545 1321 648,
1569 1295 1649 1325 pan.

120 1336 218 1368 Mess.
246 1338 318 1373 168,
343 1337 534 1368 contrarius
557 1337 648 1368 Man.
673 1346 696 1368 v
719 1339 783 1369 380
806 1338 842 1368 in
865 1337 937 1368 LM.
984 1337 1070 1368 illud
1092 1347 1162 1368 non
1185 1336 1325 1367 omnino
1348 1338 1481 1367 certum
1504 1339 1567 1372 est,
1592 1335 1651 1367 sed

120 1397 251 1424 necare,
279 1391 451 1428 quantum
477 1388 513 1419 in
540 1398 575 1419 se
602 1388 657 1424 sit,
687 1388 753 1419 dici
780 1398 878 1429 posse
906 1387 1045 1419 uidetur
1071 1387 1131 1428 qui
1162 1388 1219 1425 τὴν
1251 1388 1346 1418 αὑτοῦ
1378 1388 1536 1427 θυγατέρα
1569 1388 1655 1417 δοκεῖ

122 1440 309 1479 παραθεῖναι
332 1438 377 1479 τῷ
400 1441 487 1477 κήτει
510 1440 631 1479 βοράνε
669 1439 748 1470 uide
771 1441 835 1471 540
860 1449 909 1479 sq.
935 1439 1020 1470 hanc
1042 1438 1209 1478 quondam
1231 1448 1357 1478 poenae
1380 1437 1527 1468 dirorum
1552 1438 1651 1478 culpa

118 1493 295 1529 parentum
316 1488 320 1532 Ι
338 1489 496 1530 prodidit,
522 1490 602 1521 Eur.
628 1490 713 1530 frag.
741 1491 803 1521 120
828 1490 960 1522 Nauck.
987 1490 1106 1530 (schol.
1132 1489 1189 1520 Ar.
1215 1489 1350 1520 Thesm.
1379 1490 1476 1528 1022)
1503 1491 1652 1520 ἅνοικτοσ

121 1542 159 1572 ὃσ
181 1543 280 1572 τεκὼν
308 1543 344 1572 σὲ
367 1542 424 1578 τὴν
452 1543 723 1580 πολυπονωτάτην
749 1543 872 1582 βροτῶν
900 1543 1036 1580 μεθῆκεν
1055 1541 1152 1580 ’Ἀιδᾳ
1181 1542 1309 1581 πάτρασ
1337 1542 1534 1581 ὑπερθανεῖν,
1560 1540 1649 1571 Non.

119 1602 152 1632 p.
181 1593 246 1623 400
272 1591 438 1631 stupidus,
466 1592 585 1623 stultus
612 1596 640 1623 et
668 1592 807 1623 inicus:
850 1593 952 1624 Varro
981 1595 1051 1632 περὶ
1079 1594 1249 1631 ἐξαγωγῆσ
1279 1591 1511 1622 ‘Andromeda
1538 1592 1653 1623 uincta

119 1646 147 1674 et
160 1643 332 1683 proposita
346 1646 411 1673 ceto
427 1653 494 1674 non
509 1642 617 1673 debuit
631 1643 723 1683 patri
737 1653 808 1680 suo,
826 1643 955 1674 homini
969 1643 1213 1683 stupidissimo,
1230 1642 1268 1673 in
1282 1653 1318 1673 os
1332 1653 1450 1682 spuere
1465 1643 1572 1674 uitam
1587 1643 1603 1673 ,9
1619 1643 1625 1655 ’
1643 1655 1650 1673 z

120 1694 208 1725 adde
226 1694 310 1725 Hor.
329 1704 427 1725 serm.
447 1702 475 1724 ΙΙ
492 1695 511 1725 3
529 1695 638 1725 2924
655 1704 752 1725 casus
770 1694 957 1726 medicusue
973 1694 1092 1725 leuarit
1114 1692 1118 1736 Ι
1139 1704 1272 1734 aeyrum
1289 1704 1328 1725 ex
1341 1694 1531 1733 praecipiti,
1551 1698 1652 1725 mater

119 1744 224 1776 delira
250 1745 376 1776 necabit
403 1745 546 1785 (neqabit
573 1745 616 1784 E)
640 1743 644 1787 Ι
664 1745 702 1776 in
727 1745 836 1786 qelida
855 1745 967 1786 fimum
993 1745 1071 1785 ripa
1092 1745 1278 1785 sebremque
1303 1745 1428 1776 reducet
1452 1748 1487 1776 et
1511 1745 1602 1776 Man.
1630 1754 1651 1775 v

122 1797 195 1832 188,
216 1795 277 1826 ubi
296 1798 477 1827 uenatores
497 1796 587 1827 feras
607 1807 676 1827 non
697 1796 800 1827 modo
819 1796 909 1827 ferro
929 1796 989 1827 sed
1009 1796 1151 1827 canibus
1172 1806 1293 1826 necare
1313 1795 1485 1826 dicuntur.
1529 1807 1653 1836 neyans

121 1846 269 1887 Scaliger
299 1847 371 1878 sine
401 1846 472 1877 ulla
502 1847 584 1877 iuris
614 1847 726 1888 specie
756 1847 915 1878 abdicans
945 1847 1204 1887 interpretatur,
1236 1857 1298 1877 nec
1330 1847 1555 1878 uerecundius
1586 1847 1651 1878 Ed.

121 1897 303 1928 Muellerus
330 1897 447 1938 philol.
476 1908 530 1928 an.
562 1898 646 1929 1903
672 1908 705 1938 p.
735 1899 776 1929 85
803 1908 962 1937 sponsam
988 1898 1106 1928 Perseo
1133 1897 1306 1937 deneqans,
1335 1907 1446 1938 neque
1473 1898 1564 1929 enim
1591 1901 1654 1929 aut

122 1949 313 1988 ἀστροθεσία
332 1948 500 1979 eiusmodi
519 1951 571 1979 est
591 1951 653 1979 aut
673 1949 789 1979 omitti
805 1949 921 1989 potuit
938 1948 1088 1979 datiuus.
1138 1948 1413 1988 Wageningenus
1434 1950 1653 1980 centonarius

121 1999 175 2030 hic
199 1999 359 2040 Scaligeri
382 1999 601 2035 sententiam,
627 1999 671 2029 ad
695 2000 758 2030 616
782 1999 936 2030 Muelleri
959 2009 1057 2030 suam
1080 1999 1174 2030 facit.
1224 2002 1376 2030 ceterum
1399 2009 1441 2030 ne
1464 2000 1541 2040 quis
1564 2000 1654 2031 forte

121 2049 271 2090 Cepheus
295 2050 438 2090 (cetpeus
460 2048 499 2089 L)
523 2050 559 2080 in
583 2049 658 2080 Ceto
683 2050 810 2081 mutari
834 2050 929 2087 uelit,
954 2049 1089 2091 Cephea
1112 2049 1219 2081 filiam
1243 2049 1377 2081 Pistrici
1401 2054 1585 2091 negantem
1608 2051 1653 2082 ab

121 2101 229 2132 Arato
251 2100 368 2133 induci
388 2101 552 2141 opinatus
574 2102 637 2132 630
659 2111 709 2142 sq.
733 2103 825 2132 ἀντία
848 2101 873 2132 δ’
896 2101 1008 2142 αὑτὸσΙ
1021 2102 1157 2140 Κηφεὺσ
1177 2104 1211 2132 ἐκ
1230 2102 1331 2141 βορέω
1350 2103 1478 2141 μεγάλῃ
1495 2104 1554 2133 ἀνὰ
1572 2104 1654 2143 χειρὶ

123 2154 253 2190 κελεύει,
268 2162 309 2182 ea
321 2151 427 2182 uerba
438 2154 530 2183 recte
540 2155 704 2183 enarrant
713 2151 913 2183 scholiastes
925 2154 1053 2183 ἐκτείνει
1065 2154 1121 2190 τὴν
1134 2154 1226 2192 χεῖρα
1240 2153 1346 2193 ὥσπερ
1360 2155 1655 2192 παρακελευόμενοσ·

121 2202 161 2243 τῇ
192 2204 281 2234 παιδὶ
316 2204 469 2234 ἐκκλίνειν
505 2204 540 2234 τὸ
575 2205 674 2241 κῆτοσ
708 2206 743 2234 et
781 2203 934 2234 Auienus
972 2203 1068 2234 Arat.
1112 2204 1195 2234 1162
1234 2213 1370 2234 saeuam
1402 2204 1514 2243 pelayi
1549 2208 1656 2236 monet

121 2253 233 2295 adfore
252 2257 386 2294 pestem,
411 2257 446 2284 et
470 2253 619 2294 Cepheus
642 2256 761 2285 tuetur
784 2253 897 2285 Germ.
922 2254 1046 2295 phaen.
1074 2255 1136 2285 184
1159 2264 1234 2285 cum
1256 2254 1392 2294 coniuqe
1416 2254 1565 2294 Cepheus

166 2307 208 2338 24
223 2315 360 2345 quaque,
377 2315 486 2345 eaque
499 2315 578 2345 pars
591 2304 676 2336 caeli
689 2315 768 2345 qua.
817 2305 896 2336 uide
913 2305 1013 2346 Prop.
1029 2314 1071 2335 111
1086 2306 1127 2336 22
1148 2306 1209 2336 1-4
1222 2305 1351 2344 placuit
1368 2305 1428 2336 tibi
1444 2306 1585 2346 Cyzicus
1599 2331 1604 2337 .
1621 2331 1628 2337 .
1645 2331 1652 2337 .

120 2359 172 2387 et.
193 2380 199 2387 .
220 2380 226 2386 .
247 2355 369 2396 Cybebe
390 2354 394 2398 Ι
414 2356 620 2396 raptorisque
638 2356 713 2387 tulit
736 2366 812 2396 qua
835 2356 895 2387 uia
928 2356 1020 2386 Ditis
1047 2366 1154 2396 equo&
1185 2356 1289 2388 Culic.
1322 2357 1406 2388 13—6
1436 2357 1510 2388 siue
1540 2357 1655 2389 educat

121 2407 218 2438 illum
239 2405 243 2450 Ι
264 2407 360 2437 Arna
378 2431 384 2437 .
405 2431 411 2437 .
432 2431 438 2437 .
457 2417 515 2438 seu
548 2406 645 2438 decus
677 2406 829 2438 Asteriae
860 2417 919 2437 seu
950 2417 1026 2447 qua
1058 2407 1228 2437 Parnasia
1258 2417 1357 2447 rupes
1375 2431 1381 2438 .
1402 2431 1408 2438 .
1429 2431 1435 2438 .
1452 2408 1655 2448 praepandit

121 2468 256 2494 cornua,
290 2457 389 2489 Ouid.
423 2467 529 2488 amor.
562 2466 590 2488 11
622 2458 662 2489 13
694 2459 778 2489 8—10
812 2457 990 2497 BIemphin
1021 2457 1299 2498 palmiferamque
1332 2457 1468 2490 Pharon
1490 2457 1494 2501 Ι
1514 2469 1654 2499 quaque

120 2508 201 2540 celer
228 2508 382 2539 Nilus..
403 2533 409 2539 .
429 2508 467 2539 in
493 2508 597 2539 maris
623 2509 688 2539 exit
714 2519 830 2548 aquas,
860 2509 900 2539 16
927 2509 1013 2540 23-6
1040 2519 1107 2539 non
1133 2519 1216 2548 quae
1243 2509 1393 2549 uirqineo
1417 2513 1568 2549 portenta
1594 2510 1654 2541 sub

122 2559 261 2599 inquine
293 2559 414 2590 latrant
436 2557 440 2601 Ι
460 2570 518 2590 nec
550 2559 683 2590 timeam
715 2563 850 2596 uestros,
883 2569 988 2590 curua
1022 2559 1147 2597 Malea,
1180 2560 1288 2596 sinus,
1311 2558 1316 2602 Ι
1336 2570 1403 2591 non
1426 2571 1501 2600 qua
1525 2561 1589 2601 (ita
1614 2561 1655 2601 P)

120 2610 299 2640 submersis
325 2610 451 2640 ratibus
476 2613 625 2641 saturata
653 2609 836 2650 Charybdis
858 2608 862 2652 Ι
877 2609 1018 2650 fundit.
1039 2634 1045 2641 .
1067 2635 1073 2641 .
1092 2621 1196 2650 aquas
1223 2611 1298 2651 (ubi
1324 2610 1439 2641 subito
1466 2613 1657 2652 experrecti

121 2660 269 2691 editores
282 2660 326 2690 ad
339 2660 617 2691 emendationem
629 2660 841 2701 decurrunt),
855 2661 935 2692 fast.
951 2669 990 2692 IV
1000 2662 1108 2693 471-3
1121 2661 1261 2701 liquerat
1272 2661 1426 2702 Ortyqien
1440 2662 1479 2692 M
1481 2673 1657 2702 eqareaque

122 2711 371 2750 Pantaqienque
392 2710 397 2753 Ι
423 2721 563 2751 quaque
586 2711 799 2752 Symaetheas
828 2711 950 2752 accipit
980 2723 1100 2752 aequor
1124 2722 1228 2752 aquas
1249 2711 1254 2755 Ι
1274 2715 1432 2752 antraque
1462 2712 1654 2753 Cyclopum,

122 2763 186 2794 477
211 2772 260 2803 sq.
288 2761 491 2793 Camerinan
514 2762 584 2793 adit
611 2762 831 2803 Thapsonque
855 2766 882 2794 et
906 2763 1047 2795 Heloria
1070 2768 1173 2804 tempe
1202 2762 1206 2805 Ι
1233 2773 1374 2803 quaque
1395 2767 1484 2803 patet
1506 2763 1657 2805 Zephyro

122 2823 251 2854 semper
270 2817 404 2854 apertus
426 2813 528 2855 Eryx,
551 2824 592 2846 ex
614 2813 716 2846 Pont.
738 2823 766 2845 11
788 2815 828 2847 10
849 2815 891 2847 25
911 2825 961 2856 sq.
985 2815 1223 2856 Hennaeosque
1243 2815 1336 2846 lacus
1355 2818 1383 2846 et
1403 2814 1520 2846 olentis
1539 2819 1657 2856 staqna
