1855 3088
164 98 166 101 '
198 114 251 152 82
788 110 850 151 Μ.
883 109 1134 151 MANILII

356 227 650 278 grassatorque
669 222 789 264 uenit
806 221 946 263 media
964 222 1217 264 metuendus
1236 222 1280 264 in
1299 222 1414 264 urbe.

232 306 301 337 650
356 303 411 348 et,
433 298 467 339 si
487 298 595 339 forte
616 297 778 352 aliquas
798 296 963 338 animus
982 301 1205 351 consurget
1224 296 1267 338 in
1286 296 1402 347 artis,

355 373 398 413 in
418 377 646 427 praerupta
666 371 787 412 dabit
806 371 1008 421 studium,
1030 371 1270 426 uendetque
1289 371 1443 426 periclo

355 447 581 501 ingenium,
603 460 652 487 ac
671 445 810 487 tenuis
830 460 957 486 ausus
977 445 1064 486 sine
1083 445 1216 486 limite
1236 459 1399 499 gressus

355 526 470 562 certa
489 535 563 575 per
582 525 777 561 extentos
797 524 927 575 ponet
946 519 1124 574 uestigia
1144 520 1264 561 funes

354 600 398 637 et
417 595 520 636 caeli
538 595 770 636 meditatus
790 594 869 635 iter
888 594 1066 648 uestigia
1086 594 1234 649 perdet

230 678 298 709 665
353 684 486 725 paene
506 684 615 711 noua
635 674 678 710 et
696 669 884 724 pendens
902 668 1109 724 populum
1128 668 1357 723 suspendet
1376 668 1430 709 ab
1449 668 1555 723 ipso.

280 821 343 852 649
371 817 506 850 media.
527 842 534 849 .
554 842 560 849 .
579 816 662 849 urbe
690 817 764 848 cod.
796 816 909 854 BodL,
938 815 1087 848 mediam
1115 815 1217 855 GLM,
1246 819 1324 848 tum
1352 815 1472 848 urbem
1500 815 1580 855 GL2,
1609 813 1726 848 orbem

189 870 262 902 LM.
310 881 380 901 non
412 870 447 901 in
481 869 632 900 mediam
664 868 786 900 urbem
819 878 861 899 ex
895 867 1218 899 circumiacentibus
1252 867 1411 908 partibus
1444 868 1542 899 uenit
1574 867 1634 899 sed
1677 866 1727 898 ibi

187 924 365 963 grassatur
400 924 436 952 et
472 921 632 961 quamuis
668 921 704 951 in
740 922 843 951 tanta
878 919 1060 950 hominum
1096 918 1294 959 frequentia
1334 919 1512 950 metuitur.
1560 918 1726 950 mendum

186 973 327 1005 reduxit
353 972 510 1009 Iacobus,
537 972 597 1013 qui
623 972 665 1003 de
690 970 860 1012 Scaligero
886 970 1013 1002 falsum
1038 970 1153 1006 refert,
1180 973 1369 1001 tenuerunt
1392 970 1540 1001 insecuti
1565 969 1725 1000 editores.

188 1025 349 1057 ueniendi
377 1024 522 1056 uerbum
550 1034 620 1064 qua
647 1022 896 1064 significatione
924 1025 1076 1063 ponatur
1104 1022 1189 1052 item
1216 1022 1272 1052 hic
1300 1021 1597 1062 quemadmodum
1624 1031 1726 1052 uersu

189 1078 252 1109 620
270 1076 424 1108 dubitari
439 1078 556 1117 potest
650 1077 713 1109 650
730 1075 912 1114 consurget
929 1073 1018 1104 Flor.
1037 1076 1073 1104 et
1090 1072 1203 1109 Boou„
1222 1072 1396 1113 consurgit
1411 1072 1499 1109 ΒΖΜ,
1517 1074 1550 1104 et
1565 1071 1673 1113 surgit
1689 1071 1726 1110 L,

187 1128 337 1170 exsurgit
365 1127 393 1159 G
421 1127 495 1159 cod.
512 1127 675 1162 Venetus,
705 1125 832 1156 animis
860 1129 1006 1164 exsurqet
1037 1123 1224 1155 Bentleius.
1272 1134 1434 1165 praesens
1462 1124 1560 1155 uerbi
1587 1127 1727 1165 tempus

187 1180 325 1212 defendi
341 1189 440 1221 posse
457 1178 647 1210 ostendunt
663 1187 752 1218 quae
769 1177 813 1208 ad
830 1185 858 1207 11
874 1177 938 1207 256
954 1179 990 1207 et
1006 1175 1089 1206 alibi
1104 1176 1236 1212 notaui,
1254 1175 1314 1206 sed
1330 1175 1562 1206 mutationem
1578 1175 1728 1207 suadent

186 1241 210 1263 v
232 1233 297 1263 279
320 1235 347 1263 et
369 1231 400 1262 si
416 1230 502 1271 forte
519 1254 526 1261 .
547 1254 553 1261 .
574 1254 580 1260 .
599 1228 791 1265 tardauerit,
815 1229 879 1259 497
903 1232 930 1258 et
953 1227 984 1259 si
1000 1227 1086 1267 forte
1104 1251 1110 1258 .
1131 1251 1137 1257 .
1158 1251 1164 1258 .
1184 1226 1363 1263 accesserit,
1387 1228 1452 1258 470
1475 1230 1503 1258 et
1525 1227 1556 1258 si
1573 1251 1580 1258 .
1600 1250 1607 1258 .
1627 1250 1634 1258 .
1654 1226 1726 1263 ibit,

186 1285 251 1314 446
272 1287 304 1315 at
323 1283 355 1314 si
374 1282 523 1323 deficient
615 1283 677 1315 651
699 1280 736 1311 in
753 1283 938 1320 praerupta
957 1278 1046 1310 dabit
1066 1278 1216 1309 studium
1236 1278 1352 1318 Fayus
1371 1279 1622 1319 interpretatur
1644 1277 1651 1289 ‘
1667 1277 1725 1309 ad-

186 1335 321 1367 hibebit
335 1334 490 1366 studium
505 1343 606 1364 suum
620 1333 656 1363 in
670 1342 723 1363 res
737 1330 946 1372 periculosas
962 1330 982 1367 '‚
998 1330 1092 1370 quod
1107 1330 1154 1361 sic
1170 1329 1293 1360 Latine
1308 1329 1376 1360 dici
1390 1330 1449 1360 uix
1463 1332 1551 1370 puto
1566 1342 1573 1367 ;
1601 1339 1725 1370 neque,

186 1388 215 1419 si
239 1387 447 1418 conserimus
471 1394 508 1416 IV
533 1385 597 1415 526
621 1384 711 1415 dabit
735 1383 848 1414 studia
872 1382 981 1423 (sidus
1006 1382 1123 1420 natis),
1149 1389 1172 1411 v
1198 1382 1235 1413 71
1263 1381 1353 1412 dabit
1374 1381 1554 1421 proprium
1576 1380 1727 1412 studium

187 1438 427 1479 (Heniochus),
446 1445 483 1467 Iv
501 1437 565 1467 252
584 1435 621 1466 in
638 1439 743 1466 uestes
759 1434 919 1470 studium,
939 1434 1003 1464 274
1022 1433 1059 1464 in
1074 1436 1215 1473 pontum
1231 1432 1391 1469 studium,
1411 1433 1476 1464 508
1493 1432 1582 1463 dabit
1600 1431 1726 1472 (Aries)

187 1490 225 1521 in
240 1489 383 1530 praedas
400 1488 531 1519 animos
549 1487 624 1527 (ubi
641 1486 720 1517 uide
738 1486 934 1524 adnotata),
953 1484 1054 1516 aliter
1072 1483 1178 1515 uerba
1196 1484 1304 1525 accipi
1321 1494 1422 1525 posse
1439 1484 1603 1515 uidentur
1619 1493 1726 1524 quam

187 1542 222 1573 in
239 1542 329 1573 hanc
346 1540 556 1572 sententiam
572 1551 578 1570 ε
611 1538 710 1569 dabit
727 1537 927 1578 Engonasin
944 1538 1029 1567 nato
1046 1545 1108 1567 suo
1126 1535 1281 1566 studium
1298 1535 1334 1566 in
1350 1538 1539 1576 praerupta
1556 1535 1726 1575 (animum

187 1593 233 1624 ad
259 1591 411 1634 pericula
436 1590 671 1632 propensum).
719 1592 878 1620 tenemus
905 1588 1010 1628 igitur
1036 1586 1182 1618 eandem
1209 1586 1328 1617 sideris
1355 1589 1390 1617 et
1416 1586 1566 1617 hominis
1592 1596 1632 1617 eo
1659 1586 1727 1617 orti

188 1644 425 1676 confusionem
443 1642 485 1673 de
502 1652 572 1682 qua
590 1641 635 1672 ad
652 1649 689 1671 Ν
709 1641 771 1672 149
789 1642 824 1670 et
842 1648 864 1670 v
881 1640 945 1670 350
963 1638 1036 1669 dixi
1051 1650 1059 1675 ;
1090 1648 1172 1668 nam
1189 1647 1278 1678 quae
1296 1640 1489 1678 sequuntur
1506 1637 1613 1668 uerba
1627 1640 1727 1677 ponet

186 1696 297 1736 perdet
326 1693 503 1734 suspendet
533 1695 652 1734 aperte
681 1691 831 1723 hominis
862 1691 1015 1722 actiones
1045 1688 1225 1720 declarant
1314 1688 1440 1720 uendet
1469 1688 1543 1719 cod.
1560 1689 1725 1725 Venetus,

187 1747 306 1779 uindet
327 1746 401 1784 LM,
425 1745 540 1776 uincet
563 1743 643 1775 GL2.
691 1751 729 1773 1v
754 1743 816 1774 139
838 1752 934 1782 seque
956 1752 1019 1772 sua
1041 1751 1169 1780 semper
1191 1740 1363 1780 cupientia
1385 1740 1525 1771 uendere
1548 1739 1656 1777 laude,
1681 1739 1726 1771 ad

188 1800 338 1831 Herenn.
359 1806 388 1828 11
404 1798 447 1828 47
465 1795 602 1837 artificii
619 1794 789 1835 siqnandi,
809 1793 938 1833 ingenii
955 1791 1164 1828 uenditandi,
1184 1791 1360 1823 memoriae
1377 1790 1594 1822 ostendendae
1610 1801 1723 1822 causa.

188 1850 374 1891 emptionis
390 1851 452 1880 aut
467 1848 570 1889 pretii
585 1845 872 1887 significationem
887 1843 1020 1875 nullam
1036 1854 1108 1874 esse
1123 1846 1266 1884 propter
1282 1842 1476 1873 Breiterum
1492 1845 1528 1874 et
1544 1842 1726 1883 Wagenjn-

188 1912 315 1944 genum
325 1900 510 1932 dicendum
521 1901 574 1929 est
665 1899 818 1931 652—655
830 1896 983 1927 Maneth.
996 1904 1034 1926 IV
1045 1895 1154 1926 287-9
1166 1896 1399 1935 σχοινοβάτασ,
1414 1918 1421 1925 .
1438 1918 1444 1925 .
1461 1917 1468 1925 .
1484 1895 1726 1934 καλοβάμονασ,

190 1955 306 1995 ὑψόθεν
324 1955 372 1984 εἰσ-
388 1954 449 1992 ’γῆν
467 1949 625 1994 ΙΎειτονίῃ
643 1950 792 1980 θανάτοιο
805 1950 1102 1988 καταρριπτοῡντασ
1122 1947 1266 1984 ἐαυτοὺσ,
1286 1943 1290 1988 ί
1306 1947 1347 1976 ὧν
1364 1946 1379 1976 ὁ
1397 1947 1497 1985 πόροσ
1513 1947 1610 1985 μόροσ
1627 1947 1727 1983 ἐστὶν,

189 2008 269 2044 ἐπὴν
294 2007 342 2036 εἰσ
366 2005 543 2044 σφάλματα
567 2004 673 2040 νεύσῃ,
692 2000 788 2031 anth.
809 1999 885 2030 Lat.
905 1999 995 2029 Ries.
1025 1999 1086 2029 112
1179 2000 1243 2031 652
1266 1997 1362 2028 anth.
1389 1996 1465 2027 Lat.
1491 1996 1584 2028 Ries.
1603 1997 1664 2028 281
1684 1997 1727 2028 de

188 2055 394 2089 funambulo
411 2055 486 2086 uidi
504 2053 670 2085 hominem
684 2051 826 2092 pendere
843 2061 919 2082 cum
936 2050 996 2081 uia
1018 2048 1021 2092 Ι
1042 2049 1098 2081 cui
1115 2048 1212 2080 latior
1230 2052 1297 2080 erat
1312 2048 1432 2088 planta
1449 2058 1550 2088 quam
1565 2048 1683 2080 semita

281 2110 344 2142 653
362 2107 451 2139 Stat.
471 2105 578 2137 Theb.
600 2113 624 2135 x
644 2104 703 2134 861
725 2113 774 2143 sq.
796 2102 976 2143 Capaneus
994 2102 1029 2132 in
1048 2100 1148 2132 scalis
1166 2110 1273 2131 uacuo
1291 2123 1297 2130 .
1318 2124 1324 2130 .
1345 2123 1351 2130 .
1370 2099 1430 2130 sub
1448 2110 1521 2130 aere
1536 2099 1696 2139 pendens,
1720 2097 1724 2142 Ι

188 2160 294 2200 plana
322 2159 412 2190 uelut
441 2161 526 2189 terra
553 2159 658 2187 certus
686 2154 828 2194 uestiqia
850 2153 934 2194 fiqat
1024 2153 1178 2183 extentos
1206 2152 1309 2192 ponet
1338 2150 1411 2181 cod.
1428 2150 1532 2187 Flor.,
1562 2149 1728 2182 extinctos

189 2210 286 2253 ponit
315 2209 417 2242 GLM.
465 2209 549 2239 Hor.
581 2207 680 2248 epist.
712 2214 741 2236 11
772 2207 786 2237 1
819 2206 883 2236 210
907 2214 957 2244 sq.
981 2214 1041 2244 per
1064 2206 1228 2234 eaetentum
1251 2201 1371 2242 funem
1388 2226 1395 2232 .
1415 2225 1422 2232 .
1442 2225 1449 2232 .
1469 2201 1517 2232 ire
1627 2201 1729 2234 funes

191 2262 245 2294 GL
274 2262 347 2294 cod.
364 2262 528 2295 Venetus,
557 2258 641 2289 fines
668 2257 705 2289 M
796 2258 860 2290 654
887 2255 951 2286 iter
979 2254 1059 2292 GL2,
1088 2253 1176 2285 inter
1203 2253 1266 2284 LM
1356 2252 1433 2284 Sen.
1464 2252 1545 2284 dial.
1575 2261 1613 2283 1v
1643 2253 1682 2284 12
1706 2254 1728 2283 4

189 2314 376 2345 didicerunt
394 2310 600 2343 tenuissimis
618 2313 646 2340 et
664 2308 848 2339 aduersis
862 2306 1005 2348 funibus
1023 2316 1161 2342 currere,
1180 2304 1266 2335 Plin.
1284 2304 1354 2335 n.h.
1373 2312 1440 2334 VIII
1459 2304 1478 2334 6
1497 2303 1648 2335 aduersis
1665 2327 1673 2335 .
1692 2328 1700 2335 .
1721 2327 1728 2335 .

186 2365 331 2407 funibus
354 2363 474 2399 subire,
502 2361 589 2392 Plin.
618 2371 671 2401 ep.
697 2368 737 2390 IX
764 2359 806 2390 26
833 2359 853 2390 3
879 2358 985 2394 uides,
1010 2357 1069 2397 qui
1090 2367 1150 2396 per
1167 2355 1288 2396 funem
1313 2355 1355 2386 in
1387 2365 1539 2386 summa
1561 2355 1727 2393 nituntur,

192 2420 331 2458 quantos
351 2415 475 2446 soleant
496 2413 635 2444 ezcitare
655 2411 822 2447 clamores,
844 2420 920 2440 cum
940 2409 1010 2440 iam
1031 2408 1161 2448 iamque
1181 2406 1294 2438 casuri
1313 2406 1470 2437 uidentur
1561 2408 1624 2440 655
1643 2415 1729 2447 pene

192 2477 256 2500 sua
273 2466 461 2500 Remmius,
479 2472 572 2495 noua
585 2463 614 2501 *,
633 2465 666 2494 et
682 2470 815 2503 peneua
830 2461 919 2492 libri.
971 2460 978 2472 ⁵
993 2460 1076 2491 dum
1094 2469 1154 2500 per
1171 2462 1353 2490 extentum
1371 2482 1378 2488 .
1398 2482 1405 2488 .
1425 2481 1432 2488 .
1450 2457 1570 2488 funem
1586 2458 1728 2495 incedit,

193 2522 288 2552 certa
316 2517 463 2557 uestigia
493 2515 615 2557 ponit;
659 2517 697 2544 at
727 2523 806 2544 cum
837 2512 922 2543 caeli
951 2512 1017 2543 iter
1046 2511 1236 2542 meditatus
1269 2519 1330 2550 per
1347 2533 1354 2540 .
1374 2533 1381 2540 .
1401 2533 1408 2540 .
1427 2512 1580 2540 erectum
1609 2509 1729 2540 funem

193 2568 463 2610 (catadromum)
477 2566 623 2603 scandit,
636 2565 783 2605 uestigia
796 2574 858 2595 sua
870 2573 956 2604 pene
968 2562 1083 2604 perdit
1099 2561 1106 2574 ’
1120 2561 1298 2592 Bentleius
1310 2560 1507 2591 uniuersam
1519 2560 1728 2592 sententiam

194 2624 381 2654 assecutus.
430 2628 519 2649 noua
559 2620 600 2648 ut
640 2617 705 2648 379
746 2615 894 2646 uolucres
939 2624 1029 2645 noua
1046 2638 1052 2644 .
1073 2637 1080 2644 .
1100 2637 1107 2644 .
1127 2613 1164 2644 in
1209 2611 1402 2643 commercia
1447 2611 1549 2642 ducet.
1596 2612 1729 2643 incerta

194 2684 276 2706 sane
291 2670 499 2705 emendatio,
516 2668 576 2700 sed
592 2668 705 2698 minus
720 2666 829 2707 probo
844 2666 886 2696 de
901 2676 971 2706 qua
986 2664 1174 2705 aliquando
1190 2664 1341 2704 cogitaui
1356 2673 1394 2694 ex
1406 2662 1488 2703 pede
1503 2662 1557 2693 uel
1568 2662 1728 2702 pendens,

195 2722 491 2767 quemadmodum
517 2719 716 2760 Engonasin
741 2717 829 2758 pede
854 2720 890 2748 et
914 2727 1004 2757 genu
1030 2726 1050 2747 a
1076 2715 1202 2746 circulo
1228 2715 1357 2746 arctico
1382 2713 1535 2755 pendens
1560 2713 1730 2754 figuratur

196 2777 310 2817 capite
337 2775 497 2806 deorsum
524 2780 633 2807 uerso,
658 2769 718 2810 qui
741 2768 1025 2799 funambulorum
1052 2777 1126 2798 mos
1153 2769 1215 2798 est.
1264 2765 1384 2797 similis
1407 2765 1435 2796 I.
1464 2765 1577 2796 Vossii
1603 2764 1727 2797 Catull.

194 2840 228 2871 p.
255 2828 319 2859 202
346 2825 543 2857 coniectura
567 2825 595 2854 et
617 2831 724 2863 perna
746 2819 895 2860 pendens
919 2830 960 2851 eo
984 2821 1141 2861 praestat
1165 2817 1260 2860 quod
1283 2817 1369 2848 facit
1393 2819 1434 2848 ut
1457 2816 1494 2848 in
1518 2815 1585 2848 fine
1610 2826 1729 2849 uersus
