1855 3088
174 107 227 147 60
764 103 825 145 M.
859 103 1110 146 MANILII

207 225 275 255 455
331 221 557 271 componet
576 221 742 257 teneros
762 216 892 257 etiam
912 216 984 271 qui
1004 216 1167 258 nutriat
1187 231 1319 258 annos

332 296 376 332 et
395 291 615 332 dominum
634 290 830 332 dominus
849 295 1096 345 praetextae
1115 291 1203 346 lege
1223 296 1425 346 sequatur

333 365 531 420 quodque
551 370 651 420 agat
670 365 714 406 id
733 365 890 415 credat,
913 365 1177 420 stupefactus
1196 365 1377 420 imagine
1396 365 1509 416 iuris,

207 448 277 478 454
332 440 539 481 tutorisue
559 439 827 494 supercilium
846 439 1042 495 patruiue
1061 440 1252 494 rigorem.

209 522 278 553 458
334 514 437 569 quin
457 514 587 556 etiam
605 514 765 568 tragico
784 514 1066 569 praestabunt
1084 514 1214 556 uerba
1234 519 1424 564 coturno,

334 589 452 630 cuius
472 589 564 639 erit,
586 602 848 643 quamquam
866 588 910 629 in
930 588 1099 638 chartiS,
1120 588 1242 630 stilus
1261 589 1350 644 ipse
1369 593 1582 638 cruentus,

209 670 279 701 460
333 677 410 704 nec
429 663 568 704 minus
587 663 666 704 hae
687 663 889 704 scelerum
908 663 1014 704 facie
1033 677 1256 718 rerumque
1275 663 1466 705 tumultu

334 738 594 794 gaudebunt.
651 737 727 779 uix
746 752 832 779 una
853 737 984 779 trium
1002 752 1234 780 memorare
1254 738 1474 793 sepulchra

263 872 327 904 455
346 872 528 911 componet
547 869 707 911 Scaliger,
727 872 934 912 component
952 869 1030 901 libri
1049 873 1191 912 propter
1211 869 1405 902 laudabunt.
1453 869 1561 911 finget
1581 868 1708 911 paeda-

173 932 301 963 gogum
329 921 495 962 Cepheus,
524 932 594 953 non
621 932 661 953 eo
689 922 757 952 orti
847 923 982 953 teneros
1009 921 1114 952 etiam
1141 920 1206 959 GL,
1234 930 1371 953 reueros
1399 920 1504 953 etiam
1529 921 1576 959 M,
1605 920 1710 952 etiam

173 975 308 1004 teneros
336 973 411 1004 cod.
442 972 596 1004 Venetus
688 974 753 1006 456
780 972 939 1004 dominus
967 974 1161 1014 praetextae
1189 972 1235 1010 M,
1265 972 1412 1004 dominis
1439 974 1614 1014 praetexta
1642 971 1708 1003 GL.

170 1027 357 1064 praetextae
381 1024 457 1064 leqe,
483 1024 530 1055 sic
554 1024 697 1055 iubente
721 1027 927 1065 praetexta:
969 1024 1059 1056 Ouid
1084 1027 1148 1054 art.
1175 1032 1189 1055 1
1215 1025 1276 1055 142
1302 1024 1362 1055 tibi
1386 1023 1550 1063 tangenda
1574 1026 1620 1054 est
1644 1022 1709 1062 leye

170 1075 285 1115 puella
310 1074 382 1107 loci.
434 1075 572 1106 ‘seruus
597 1075 818 1116 paedagogus
842 1075 977 1106 ratione
1002 1074 1203 1116 disciplinae
1228 1078 1280 1106 est
1305 1075 1466 1106 dominus
1491 1075 1623 1106 domini
1645 1074 1708 1105 sui.

175 1126 276 1158 docet
304 1127 396 1158 enim
424 1126 566 1158 herilem
594 1126 705 1157 filium
733 1126 914 1157 dominum
942 1136 1054 1157 suum.
1104 1127 1222 1167 itaque
1247 1129 1434 1166 praeteztae
1462 1125 1528 1166 leye
1556 1128 1609 1157 est
1636 1126 1709 1156 iure

176 1178 312 1209 aetatis.
361 1180 414 1209 est
442 1178 534 1208 enim
563 1177 676 1208 adhuc
708 1188 804 1218 puer,
834 1177 942 1208 donec
973 1180 1093 1218 togam
1123 1188 1247 1218 puram
1278 1177 1487 1218 sumpserit’
1517 1177 1666 1218 Scaliger

265 1231 329 1262 457
349 1230 430 1269 agat
450 1228 523 1266 LM,
545 1228 618 1269 agit
638 1228 687 1260 G:
723 1228 766 1260 de
787 1228 1009 1260 subiunctiuo
1030 1228 1110 1260 uide
1131 1237 1159 1259 11
1181 1230 1243 1260 814
1265 1232 1300 1260 et
1322 1237 1365 1260 111
1384 1229 1448 1260 462
1539 1228 1624 1269 quid
1644 1227 1709 1259 hoc

176 1291 277 1312 uersu
305 1280 373 1311 dici
400 1280 558 1311 debuerit
585 1283 742 1321 apparet,
770 1280 1010 1321 paedagogum
1037 1290 1119 1321 prae
1146 1281 1349 1321 imaginaria
1376 1282 1552 1321 potestate
1579 1278 1711 1311 seruilis

177 1331 387 1363 condicionis
424 1331 591 1368 obliuisci,
622 1331 741 1372 quales
781 1342 802 1362 a
838 1331 1052 1369 Quintiliano
1089 1331 1331 1362 describuntur
1368 1331 1443 1362 loco
1479 1341 1500 1362 a
1537 1330 1711 1362 Gronouio

176 1383 303 1414 collato
331 1383 410 1414 inst.
438 1391 452 1413 1
478 1384 492 1414 l
522 1384 541 1414 8
566 1382 656 1413 uelut
687 1382 759 1414 iure
783 1382 925 1423 quodam
946 1382 1129 1422 potestatis,
1154 1392 1216 1422 quo
1235 1382 1306 1423 fere
1330 1382 1388 1413 hoc
1412 1382 1585 1413 hominum
1608 1391 1711 1421 yemis

176 1434 376 1471 intumescit,
395 1433 568 1474 imperiosi
589 1437 684 1474 atque
703 1433 836 1465 interim
853 1433 1046 1465 saeuientes.
1095 1434 1131 1465 id
1148 1444 1230 1465 uero
1248 1444 1318 1465 non
1336 1434 1462 1465 dicitur
1477 1445 1485 1471 ;
1517 1433 1712 1465 Gronouius

178 1486 270 1517 enim
289 1485 361 1516 obs.
382 1493 409 1516 11
427 1495 454 1516 c.
476 1486 512 1516 11
534 1495 613 1516 cum
632 1485 678 1516 510
696 1485 803 1516 uerba
820 1488 970 1521 enarrat,
992 1485 999 1498 ‘
1013 1484 1108 1526 quod
1125 1486 1214 1526 gerit
1231 1485 1425 1526 imperium,
1443 1495 1548 1526 quem
1565 1484 1711 1515 mimum

177 1537 320 1573 domini,
342 1536 377 1567 id
387 1547 422 1567 se
432 1536 559 1568 habere
571 1546 701 1573 reuera,
715 1546 795 1567 eum
807 1547 842 1567 se
855 1546 927 1567 esse
940 1536 1073 1577 opinari
1088 1537 1198 1577 possit
1211 1536 1231 1573 ',
1248 1546 1289 1567 ea
1301 1536 1469 1568 admiscet
1481 1546 1571 1576 quae
1583 1536 1713 1576 scripta

177 1598 248 1619 non
270 1591 363 1624 sunt,
386 1597 508 1628 neque,
531 1588 592 1628 qui
613 1588 796 1628 imperium
817 1598 938 1619 uerum
960 1598 1032 1618 esse
1054 1587 1173 1624 credit,
1197 1588 1224 1618 is
1246 1588 1355 1618 credit
1376 1588 1567 1628 imperium.
1616 1585 1711 1627 quod

178 1639 394 1670 desideratur
434 1639 636 1680 suppeditat
673 1640 738 1669 454
778 1639 845 1670 huc
879 1638 1080 1670 translatus.
1140 1649 1258 1670 seruus
1294 1639 1443 1679 imagine
1476 1639 1558 1669 iuris
1595 1641 1711 1678 stupe·

177 1691 292 1722 factus
315 1690 442 1721 tutoris
464 1700 500 1721 se
521 1690 683 1731 patruiue
706 1693 823 1731 partes
846 1700 945 1731 agere
969 1690 1077 1721 credit
1169 1692 1233 1723 454
1254 1689 1421 1721 tutorisue
1444 1688 1525 1727 GL2,
1548 1687 1712 1720 totorisue

178 1741 215 1780 L,
232 1741 418 1782 totorisque
434 1741 470 1772 M
562 1743 626 1774 458
641 1740 770 1782 tragico
788 1741 877 1772 Flor.
892 1744 928 1772 et
941 1741 1054 1778 Bodl.,
1067 1740 1197 1781 tragica
1209 1740 1311 1779 GLM,
1325 1741 1419 1781 quod
1432 1741 1492 1781 qui
1504 1739 1630 1771 collato
1644 1748 1657 1770 1
1669 1740 1711 1771 90

179 1793 345 1824 defendat
355 1792 542 1833 aliquando
553 1795 723 1823 nascetur.
772 1795 937 1824 coturnus
948 1793 1127 1824 coturniue
1138 1793 1261 1833 tragici
1271 1792 1390 1823 multis
1400 1792 1482 1823 locis
1493 1791 1713 1832 appellantur

178 1846 214 1876 in
233 1845 320 1876 thes.
342 1844 422 1885 ling.
445 1843 521 1875 Lat.
543 1852 580 1874 IV
599 1854 632 1884 p.
657 1845 740 1875 1087
761 1843 924 1880 collectis,
943 1854 1092 1884 quorum
1112 1844 1262 1874 maxime
1286 1844 1353 1874 huc
1377 1844 1528 1884 pertinet
1551 1842 1712 1883 quamuis

179 1898 383 1937 corruptum
400 1895 516 1927 Ouidii
531 1895 705 1926 distichon
720 1895 809 1926 trist.
828 1903 856 1926 11
870 1896 934 1927 553
951 1905 1000 1935 sq.
1018 1898 1047 1926 et
1061 1894 1212 1926 dedimus
1228 1894 1361 1934 traqicis
1376 1894 1536 1934 scriptum
1552 1894 1712 1934 (fortasse

179 1958 222 1978 ex
244 1948 320 1984 551,
342 1950 507 1986 sceptrum
529 1946 706 1983 Francius,
729 1946 809 1977 uide
831 1956 938 1977 amor.
963 1955 991 1976 11
1014 1948 1054 1977 18
1079 1947 1130 1983 13,
1154 1954 1197 1977 ΙΙΙ
1220 1947 1234 1977 1
1263 1947 1302 1977 13
1324 1956 1388 1986 sq.,
1412 1945 1488 1977 Sen.
1512 1956 1565 1986 ep.
1590 1945 1632 1976 76
1654 1945 1711 1984 31)

181 1998 288 2038 regale
310 1998 457 2029 coturnis
482 1997 642 2037 (fortasse
665 2008 707 2029 ex
730 1999 806 2034 554,
830 1997 977 2029 camenis
999 1997 1176 2034 Francius,
1200 2000 1357 2038 praestat
1379 1996 1544 2037 tyrannis,
1567 1996 1648 2028 uide
1670 2005 1713 2027 ex

182 2049 284 2081 Pont.
311 2058 348 2080 IV
374 2050 414 2080 16
439 2050 507 2089 31),
539 2047 542 2091 Ι
569 2059 713 2089 quaeque
736 2048 852 2088 9rauis
875 2048 964 2080 debet
994 2048 1111 2079 uerba
1143 2052 1329 2080 coturnus
1361 2048 1484 2079 habet.
1575 2047 1712 2088 Cephea

179 2101 267 2141 regis
284 2101 406 2141 tragici
422 2103 519 2131 ueste
537 2100 699 2131 indutum
716 2100 752 2131 in
768 2100 870 2141 globo
887 2099 1097 2131 Farnesiano
1115 2100 1266 2141 conspici
1282 2099 1468 2130 adnotauit
1485 2099 1512 2130 Ι.
1531 2098 1713 2129 Moellerus

182 2152 273 2183 stud.
294 2151 386 2182 Man.
407 2162 440 2192 p.
461 2152 503 2182 29
595 2154 660 2184 459
678 2153 838 2183 cruentus
857 2149 885 2182 G
902 2161 965 2192 pro
983 2161 1055 2182 uar.
1076 2150 1153 2182 lect.
1174 2154 1209 2182 et
1228 2161 1270 2182 ex
1289 2161 1373 2182 corr.
1393 2150 1431 2187 L,
1449 2153 1596 2190 uterque
1614 2159 1659 2180 m.
1682 2150 1712 2186 1,

179 2201 329 2234 cruentis
360 2201 451 2233 GLM
481 2202 555 2233 cod.
585 2202 738 2234 Venetus
830 2204 894 2235 460
921 2202 986 2234 hae
1014 2202 1044 2239 *,
1071 2201 1156 2233 haec
1187 2201 1278 2233 GLM
1308 2201 1382 2233 cod.
1411 2201 1575 2238 Venetus,
1606 2209 1714 2241 quam

180 2255 331 2285 formam
359 2253 488 2285 scribas
515 2254 692 2285 interdum
719 2264 829 2295 prauo
857 2253 973 2285 studio
1001 2253 1102 2285 alteri
1129 2253 1348 2284 substituisse
1377 2252 1530 2284 ostendit
1557 2252 1713 2283 Heraeus

181 2305 227 2336 ad
239 2305 341 2336 Mart.
356 2313 409 2335 VII
422 2305 464 2335 26
477 2306 509 2342 4,
524 2305 596 2346 ipse
609 2305 655 2336 ad
668 2305 744 2336 qu.
760 2313 798 2336 VI
810 2306 875 2336 259
889 2308 924 2336 et
937 2304 1019 2336 Luc.
1034 2313 1087 2335 vn
1100 2305 1163 2336 387
1178 2304 1336 2345 exempla
1349 2314 1391 2335 ex
1405 2313 1524 2335 eorum
1537 2302 1713 2334 codicibus

180 2356 310 2397 collegi.
359 2357 495 2387 coturni
529 2356 639 2393 stilus,
674 2357 835 2397 quamuis
869 2356 905 2387 in
939 2356 1067 2387 chartis
1103 2366 1142 2387 ac
1177 2366 1246 2386 non
1281 2356 1317 2386 in
1349 2365 1473 2386 scaena
1502 2357 1713 2391 exerceatur,

181 2411 344 2438 cruentus
361 2408 436 2443 erit,
454 2417 565 2448 neque
585 2407 650 2438 hae
670 2408 811 2438 chartae
829 2408 943 2438 minus
960 2417 1066 2447 quam
1083 2410 1248 2438 coturnus
1265 2407 1338 2447 ipse
1355 2410 1390 2438 et
1406 2416 1530 2437 scaena
1547 2405 1714 2437 scelerum

181 2459 269 2490 facie
290 2458 502 2499 gaudebunt.
551 2460 585 2489 et
605 2458 644 2489 L2
665 2461 701 2489 et
722 2458 798 2489 edd.
822 2458 986 2499 plerique,
1008 2458 1069 2499 qui
1090 2468 1169 2489 cum
1187 2457 1373 2498 qaudebunt
1390 2457 1435 2488 ad
1451 2457 1577 2498 Cephei
1592 2459 1714 2498 partus

182 2509 307 2541 referre
323 2512 359 2540 et
374 2519 432 2540 nec
448 2509 562 2540 minus
577 2519 640 2550 pro
656 2513 750 2549 atque
766 2510 919 2550 accipere
936 2512 1114 2550 cogantur,
1131 2508 1309 2540 abundare
1324 2508 1533 2549 particulam
1550 2510 1585 2539 et
1601 2509 1713 2538 metro

182 2563 324 2592 tantum
346 2560 467 2591 utilem
489 2570 561 2591 esse
582 2560 760 2591 fateantur
781 2571 918 2592 necesse
939 2563 992 2591 est
1012 2560 1212 2601 fateturque
1234 2559 1429 2591 Stoeberus.
1477 2559 1571 2600 quod
1594 2561 1713 2590 autem

184 2611 333 2643 Iacobus
346 2611 406 2642 hac
419 2611 596 2652 praetulit,
611 2614 651 2642 ut
664 2611 819 2642 ablatiuo
833 2612 1050 2652 appositione
1063 2611 1307 2652 adiungeretur
1320 2620 1498 2642 memorare
1511 2609 1713 2646 infinitium,

184 2674 263 2694 eam
288 2663 580 2694 constructionem
605 2665 679 2693 tam
705 2662 888 2693 barbaram
914 2673 985 2694 esse
1010 2672 1116 2703 quam
1141 2672 1230 2703 quae
1255 2663 1405 2693 maxime
1430 2661 1606 2702 Maduigio
1631 2660 1711 2691 adu.

186 2715 261 2746 crit.
278 2723 306 2745 Π
319 2724 352 2755 p.
369 2715 411 2745 58
426 2713 645 2744 confirmanti
659 2724 698 2744 00
713 2714 821 2754 magis
836 2713 937 2744 credo
950 2714 1045 2755 quod
1059 2714 1197 2745 Horatii
1211 2713 1371 2750 editores,
1385 2723 1534 2754 quorum
1548 2712 1714 2743 intererat

184 2775 264 2796 eum
288 2765 448 2806 opinione
466 2764 540 2796 falli
558 2764 749 2801 ostendere,
769 2767 883 2795 tacere
903 2764 1040 2796 malunt
1131 2766 1193 2797 461
1213 2764 1273 2796 uix
1292 2773 1364 2796 una
1386 2763 1492 2796 trium
1504 2763 1522 2783 *
1548 2761 1713 2802 (=1iixun

184 2815 251 2848 atri
264 2818 350 2856 um),
368 2815 434 2848 atri
452 2814 541 2855 (auri
556 2815 606 2855 M)
622 2814 743 2847 luxum
759 2814 837 2846 libri
923 2815 1103 2857 sepulchra
1118 2815 1191 2854 LM,
1206 2815 1376 2857 sepulchri
1392 2814 1461 2846 (Η,2
1478 2816 1619 2856 propter
1636 2812 1711 2844 atri.
