1855 3088
184 116 263 156 122
483 115 544 157 Μ.
578 115 829 158 MANILII
861 113 1344 158 ASTRONOMICON
1376 114 1417 157 V

225 229 289 261 194
311 238 372 269 pro
399 226 407 240 ‘
421 235 465 259 111
486 229 551 259 470
566 227 574 241 ’
598 227 670 270 lege
696 227 704 240 ‘
718 236 762 259 III
783 229 859 265 411,
883 236 921 259 Iv
943 228 1008 260 470
1023 227 1044 258 ’.
1092 226 1203 258 Ellisii
1224 227 1443 259 coniecturae
1467 227 1561 258 haud
1583 227 1652 259 scio
1675 237 1721 259 an

178 278 295 310 obstet
315 278 408 319 quod
427 282 549 320 postea
567 279 762 317 obseruaui,
782 282 913 311 ceteros
932 289 1051 310 uersus
1070 279 1151 310 solis
1170 278 1235 310 illis
1254 279 1402 310 caesuris
1421 278 1616 316 distinctos,
1636 280 1720 309 sunt

179 333 298 361 autem
316 339 390 367 XIV,
409 341 429 361 a
445 330 586 371 dactylo
604 331 720 362 ordiri.

226 383 289 414 199
313 384 415 412 metas
443 381 524 413 solis
551 382 735 413 thesaurus
762 381 843 423 ling.
873 381 950 413 Lat.
980 390 993 412 1
1020 391 1054 422 p.
1082 382 1165 412 1325
1190 382 1204 412 l
1231 379 1370 422 ‘signa’
1394 381 1654 422 interpretatur,
1679 390 1720 411 ea

178 435 298 464 autem
315 433 446 464 moueri
462 445 469 464 :
494 436 577 464 sunt
594 436 725 474 puncta
741 433 929 464 horizontis
946 432 1007 464 ubi
1022 433 1133 463 oritur
1148 431 1355 473 occiditque.

224 485 288 517 203
313 494 350 514 ex
362 487 402 515 ut
415 483 549 515 solebat
563 484 700 516 Ellisius
714 487 806 516 noct.
822 484 914 515 Man.
929 494 962 525 p.
978 485 1008 520 4,
1023 483 1118 514 nulla
1131 483 1186 514 ille
1200 483 1341 523 quidem
1353 483 1487 514 ratione
1500 482 1560 514 sed
1572 481 1719 514 fortasse

181 544 273 571 uere,
293 535 344 566 ita
362 535 454 566 enim
470 535 546 567 cod.
565 535 717 566 Venetus
735 544 778 566 III
795 536 869 566 375.

225 588 289 619 212
312 585 395 617 Isid.
417 586 460 617 de
481 597 544 617 n.r.
570 587 609 617 12
630 588 651 617 4
671 586 848 626 sphaeram
868 589 979 617 autem
998 585 1195 626 confirmant
1215 594 1273 616 nec
1291 584 1505 625 principium
1525 583 1641 616 habere
1661 593 1719 615 nec

178 637 368 674 terminum,
384 647 447 677 pro
464 647 498 668 eo
514 637 600 678 quod
615 637 815 669 rotunditate
831 637 886 668 sui
902 637 999 677 quasi
1016 636 1161 668 circulus
1177 636 1265 667 unde
1282 636 1426 676 incipiat
1441 639 1500 667 aut
1516 635 1574 667 ubi
1589 635 1722 667 desinat

178 698 246 719 non
257 688 361 729 facile
377 688 670 729 conprehendatur,
688 689 771 730 orig.
790 697 834 719 111
850 689 891 720 32
912 690 940 719 l.

225 741 290 772 214
312 739 357 771 ad
380 743 519 781 tempus
543 739 641 771 uerbi
663 740 785 781 refuyit
807 739 925 772 confer
949 740 1048 780 Verg.
1073 739 1159 770 Aen.
1185 747 1213 769 11
1239 739 1278 769 12
1302 742 1338 770 et
1363 738 1463 770 Lucr.
1488 746 1511 769 v
1538 739 1611 770 150.
1658 737 1719 769 sed

177 791 341 822 mundum
348 791 474 832 fiqurat
487 801 548 832 pro
564 790 683 822 mundi
691 791 838 832 formam
852 790 1003 821 imitatur
1016 790 1084 822 dici
1098 800 1197 831 posse
1211 800 1255 821 ex
1269 798 1306 820 1v
1321 790 1384 821 723
1399 799 1449 830 sq.
1465 792 1501 821 et
1515 797 1537 820 v
1551 790 1616 820 422
1629 788 1719 821 effici

178 842 317 874 uidetur
333 854 340 879 ;
370 845 477 883 atque
493 843 544 874 ita
560 843 811 884 interpretatur
828 841 1044 883 Vollgraffius
1061 841 1155 883 apud
1172 841 1479 882 Wageningenum.

225 896 288 927 167
311 893 475 926 C.C.A.G.
508 903 576 925 VIII
605 895 642 925 iv
668 905 701 936 p.
736 895 795 926 111
828 895 871 926 20
901 894 944 925 de
974 897 1067 925 terra
1098 895 1218 933 στι-γμὴ
1250 894 1430 933 κεντρώδησ
1456 894 1511 923 τὸν
1541 893 1609 923 ἴσον
1636 893 1721 931 λάχε

177 944 364 987 <mim-0196>
381 948 495 986 χῶρον.

223 999 287 1030 217
311 997 409 1038 Verg.
428 997 513 1028 Aen.
531 1005 571 1028 IX
587 998 652 1028 585
666 996 761 1037 paici
777 997 809 1028 R
824 1007 886 1038 pro
901 995 1019 1036 palici‚
1038 996 1152 1028 Germ.
1170 996 1295 1037 phaen.
1315 996 1375 1026 141
1394 994 1519 1026 nilicen
1535 994 1610 1027 cod.
1628 1004 1718 1026 unus

177 1058 238 1089 pro
268 1047 404 1085 helicen,
433 1048 525 1079 Man.
555 1057 593 1079 IV
621 1049 684 1080 792
713 1048 846 1079 hilicern
873 1047 909 1080 L.
956 1057 1037 1080 cum
1064 1047 1252 1078 eorundem
1278 1046 1461 1078 hominum
1487 1046 1533 1077 sit
1562 1045 1720 1076 Niliacas

179 1099 326 1131 retinere
339 1102 375 1130 et
389 1100 506 1131 omnia
518 1099 707 1131 Maniliana
720 1110 740 1131 a
753 1099 937 1130 Posidonio
951 1102 1116 1140 repetere,
1128 1109 1198 1130 non
1208 1097 1410 1139 temperabo
1425 1097 1510 1138 quin
1525 1096 1721 1129 adscribam

178 1150 287 1183 Procl.
315 1150 351 1182 in
378 1150 467 1182 Plat.
495 1151 582 1182 Tim.
610 1161 643 1192 p.
672 1152 735 1182 277
762 1159 783 1181 E
809 1153 840 1182 ἐν
862 1150 957 1190 Ῥόδῳ
982 1152 1180 1190 παραξέοντα
1204 1152 1258 1181 τὸν
1283 1150 1438 1189 ὁρίζοντα,
1465 1151 1610 1188 καθάπερ
1632 1150 1721 1188 λέγει

177 1204 402 1233 Ποσειδώνιοσ.
453 1202 602 1233 eundem
619 1202 816 1234 Cleomedes
833 1205 1011 1234 auctorem
1028 1201 1106 1238 fert,
1124 1201 1350 1242 similiterque
1367 1199 1491 1232 Strabo
1509 1210 1542 1241 p.
1563 1200 1636 1231 119.

224 1256 286 1286 221
304 1263 379 1294 sqq.
398 1254 539 1295 propius
557 1263 663 1294 quam
680 1253 877 1285 Cleomedes
897 1254 924 1294 (1
941 1254 960 1285 8
978 1254 1035 1293 41)
1053 1256 1115 1285 aut
1133 1252 1264 1284 Plinius
1281 1263 1302 1284 a
1319 1251 1461 1283 Manilio
1483 1251 1583 1283 abest
1600 1251 1720 1283 Theon

177 1304 387 1346 Smyrnaeus
405 1308 488 1336 astr.
506 1315 540 1346 p.
561 1306 622 1336 142
639 1304 693 1336 ed.
711 1304 815 1336 Mart.

225 1358 289 1389 223
312 1356 432 1397 inepta
464 1365 639 1397 quamque
672 1356 937 1397 Wageningenis
970 1358 1005 1386 et
1037 1354 1342 1396 Kleinguentheris
1377 1353 1585 1395 placituram
1619 1353 1721 1385 scires

177 1407 376 1440 coniectura
393 1407 523 1438 Bollius
539 1407 574 1438 in
590 1407 757 1439 Deutsch.
775 1407 842 1438 Lit.
862 1407 946 1438 1906
962 1417 995 1448 p.
1013 1408 1074 1438 481
1092 1406 1198 1437 sidere
1213 1405 1342 1445 dempto
1358 1417 1366 1442 ;
1395 1405 1456 1446 qui
1470 1405 1499 1436 si
1514 1405 1586 1446 ipse
1601 1404 1721 1436 lunam

178 1458 397 1491 deficientem
421 1468 614 1499 numquam
638 1459 786 1495 uiderat,
812 1461 850 1490 at
873 1468 916 1489 ex
941 1458 1016 1489 aliis
1040 1458 1169 1489 discere
1194 1456 1311 1499 potuit
1335 1456 1429 1488 sidus
1453 1456 1525 1487 eius
1549 1458 1627 1487 tum
1650 1466 1721 1487 non

177 1510 282 1547 demi,
298 1509 385 1541 Plin.
401 1509 471 1541 n.h.
488 1518 516 1540 11
530 1511 572 1540 42
586 1509 741 1550 deficiens
756 1513 783 1541 et
797 1509 835 1540 in
848 1509 973 1551 defectu
987 1512 1096 1540 tamen
1109 1508 1301 1549 conspicua,
1318 1508 1410 1539 Plut.
1425 1507 1491 1539 fac.
1506 1507 1542 1539 in
1555 1507 1629 1539 orb.
1645 1506 1718 1538 lun.

177 1563 217 1593 21
247 1563 262 1592 l
291 1564 325 1593 οὑ
351 1563 415 1601 ’γάρ
440 1563 506 1592 ἐστι
531 1563 703 1592 παντελῶσ
725 1563 849 1599 ἄδηλοσ
873 1564 905 1592 ἐν
929 1563 1004 1592 ‘raia
1028 1562 1210 1601 ἐκλείψεσιν
1235 1562 1321 1591 ἀλλὰ
1345 1561 1503 1598 διαφαίνει
1527 1561 1598 1589 τινὰ
1621 1560 1722 1598 χροὰν

178 1614 366 1652 ἀνθρακώδη
395 1615 447 1644 καὶ
473 1614 648 1653 βλοσυρὰν,
679 1615 752 1651 ἥτισ
780 1614 861 1643 ἴδιόσ
888 1616 974 1643 ἐστιν
1000 1614 1112 1650 αὐτῆσ.
1163 1611 1257 1652 quod
1279 1613 1398 1642 autem
1420 1609 1526 1641 sidere
1549 1608 1628 1641 ‘fiir
1648 1609 1722 1641 sich

177 1664 281 1696 allein
302 1663 588 1695 unverstandlich
604 1664 611 1676 ⁵
636 1674 708 1695 esse
731 1663 879 1695 credidit
901 1663 1004 1694 homo
1028 1663 1140 1704 poesis
1163 1662 1309 1693 Latinae
1325 1672 1395 1693 non
1412 1661 1652 1702 peritissimus,
1669 1661 1722 1692 ita

178 1716 321 1757 ponitur
351 1718 391 1746 ut
423 1716 486 1746 365
519 1714 632 1746 Haedi
666 1714 832 1746 cludentes
868 1714 974 1746 sidere
1007 1717 1160 1754 pontum,
1192 1722 1220 1744 Π
1250 1714 1293 1745 90
1323 1723 1374 1753 sq.
1410 1712 1528 1743 seditio
1544 1736 1551 1743 .
1569 1736 1576 1743 .
1595 1736 1601 1742 .
1617 1711 1722 1743 sidere

177 1767 279 1798 lunae
300 1764 304 1808 Ι
326 1769 424 1803 mota,
454 1765 556 1798 Ouid.
586 1766 677 1797 trist.
706 1774 719 1796 I
746 1767 767 1796 4
796 1767 811 1797 l
838 1775 889 1806 sq.
914 1769 1022 1797 custos
1051 1764 1311 1805 Erymanthidos
1343 1765 1446 1796 Vrsae
1461 1787 1468 1795 .
1486 1787 1493 1794 .
1511 1787 1518 1794 .
1534 1773 1594 1794 suo
1617 1762 1722 1794 sidere

178 1818 286 1849 turbat
311 1828 427 1858 aquas.
475 1817 535 1849 sed
560 1828 630 1849 non
654 1820 729 1849 tam
753 1818 990 1849 coniecturam
1013 1817 1232 1849 coniecturae
1256 1825 1363 1856 quam
1388 1814 1539 1846 Bollium
1563 1814 1719 1846 Bentleio

178 1869 389 1901 anteferunt.

223 1923 287 1954 224
311 1924 413 1951 terras
426 1924 462 1951 et
476 1923 584 1960 qentes
598 1922 843 1961 permutarunt
857 1919 988 1951 librarii
1001 1920 1109 1951 etiam
1125 1918 1225 1951 Ouid.
1242 1921 1325 1950 met.
1341 1926 1355 1949 1
1368 1918 1432 1949 249
1447 1921 1482 1949 et
1496 1917 1577 1949 fast.
1594 1925 1617 1948 v
1630 1917 1692 1948 221
1707 1928 1716 1953 ;

177 1973 248 2009 sed,
268 1975 307 2003 ut
325 1972 409 2009 dixi,
428 1974 536 2011 qentes
552 1981 596 2003 ex
613 1972 678 2003 223
696 1971 885 2013 repetitum
902 1973 966 2008 est,
986 1973 1026 2002 ut
1043 1970 1121 2002 qu.
1141 1978 1209 2001 VIII
1227 1970 1266 2001 61
1286 1969 1385 2000 cuius
1401 1979 1463 2010 pro
1479 1968 1600 2009 puluis
1616 1978 1660 1999 ex
1678 1968 1720 2000 60

177 2024 213 2055 in
229 2023 433 2054 Pithoeano.

223 2077 287 2108 226
310 2074 376 2105 alis
390 2084 451 2115 pro
468 2073 543 2105 axis
558 2074 626 2105 duo
642 2073 721 2105 libri
736 2073 811 2105 Val.
829 2073 880 2105 ΕΙ.
897 2082 940 2104 111
956 2074 1030 2105 731.
1078 2083 1121 2104 ne
1136 2083 1228 2104 nuno
1244 2072 1385 2113 quidem
1400 2071 1588 2112 quicquam
1603 2070 1721 2101 inueni

177 2126 271 2168 quod
295 2126 340 2157 ad
364 2125 429 2157 hoc
453 2125 573 2156 ultima
596 2125 738 2166 propius
762 2124 906 2157 accedat
931 2134 1037 2165 quam
1061 2123 1138 2155 Seu.
1166 2123 1249 2155 Oed.
1276 2124 1407 2155 314-20
1431 2132 1499 2153 non
1522 2131 1593 2153 una
1611 2121 1720 2162 facies

177 2176 309 2209 mobilis
338 2177 499 2218 flammae
528 2176 600 2217 fuit
618 2185 628 2207 .·
645 2200 652 2207 .
670 2200 677 2207 .
695 2200 702 2207 .
718 2176 869 2207 caerulea
898 2175 1012 2217 fuluis
1048 2175 1153 2206 rniaeta
1188 2174 1352 2206 oberrauit
1388 2173 1486 2211 notis,
1509 2171 1514 2216 Ι
1533 2172 1721 2213 sanquinea

177 2238 295 2260 rursus
308 2237 321 2263 ,⁴
346 2228 467 2259 ultima
483 2227 521 2258 in
537 2227 684 2258 tenebras
701 2227 779 2258 abit.

224 2282 288 2313 229
312 2279 395 2311 Luc.
418 2287 447 2310 11
468 2279 531 2311 383
554 2281 616 2310 toto
637 2278 798 2310 datiuum
819 2277 964 2310 dimidia
986 2288 1064 2319 pars
1086 2277 1263 2315 librorum,
1287 2285 1330 2307 ΠΙ
1351 2277 1414 2308 393
1436 2286 1549 2313 unus;
1584 2274 1643 2307 Sil.
1666 2282 1721 2305 VII

178 2332 243 2363 255
257 2330 314 2362 toti
328 2330 548 2367 Coloniensis,
564 2333 626 2361 toto
639 2330 823 2361 deteriores
840 2341 848 2366 ;
875 2328 1023 2360 Senecae
1036 2328 1169 2361 codices
1183 2329 1261 2360 Tro.
1278 2329 1361 2360 1007
1377 2327 1445 2365 toti,
1460 2326 1550 2358 H.O.
1566 2327 1630 2357 758
1646 2328 1718 2357 toto.

178 2382 354 2414 ablatiuus
371 2392 443 2412 esse
460 2384 577 2422 potest
595 2381 696 2412 Ouid.
714 2381 795 2412 fast.
814 2389 827 2411 I
843 2381 896 2412 49.

224 2435 288 2466 230
312 2441 355 2463 ΠΙ
374 2433 480 2464 325-7
501 2435 614 2469 terrae,
637 2430 641 2474 Ι
661 2441 760 2472 quarn
779 2431 869 2462 tereti
888 2434 1010 2462 natura
1028 2430 1096 2462 solo
1114 2429 1293 2462 decircinat
1311 2429 1419 2461 orbem
1440 2427 1445 2473 Ι
1465 2428 1503 2460 in
1521 2427 1700 2460 tumidum.

224 2486 288 2517 233
312 2483 405 2524 quod
421 2483 476 2515 hic
493 2486 650 2520 uentrem,
669 2491 712 2513 ΙΠ
728 2483 791 2514 377
809 2482 926 2513 aluum
942 2481 1106 2523 appellat.

223 2535 268 2566 ad
285 2534 424 2565 acclinis
440 2558 446 2565 .
465 2558 472 2565 .
490 2558 496 2564 .
512 2534 658 2565 decliuia
673 2533 790 2566 confer
806 2533 884 2565 Sen.
900 2533 981 2564 dial.
999 2542 1023 2564 v
1039 2534 1081 2564 28
1099 2534 1117 2564 3
1135 2532 1224 2564 nihil
1239 2535 1307 2563 tam
1330 2531 1396 2563 inb
1404 2531 1460 2563 eci
1467 2531 1517 2563 lle
1530 2533 1647 2562 natum
1662 2532 1717 2567 est,

179 2589 215 2617 ut
239 2586 313 2617 sine
338 2585 488 2616 elidentis
514 2584 663 2624 periculo
689 2587 802 2624 pereat
820 2593 830 2615 .·
864 2584 1075 2615 inbecillos
1103 2582 1347 2614 ualentissimis
1365 2607 1372 2613 .
1391 2607 1398 2613 .
1418 2607 1424 2613 .
1441 2582 1532 2613 dolor
1549 2605 1556 2612 .
1577 2605 1583 2612 .
1603 2605 1610 2612 .
1629 2590 1719 2612 exae-

179 2640 268 2678 quat,
284 2636 385 2668 Ouid.
400 2639 483 2667 met.
499 2645 523 2666 x
537 2637 601 2666 274
614 2645 667 2676 sq.
684 2634 691 2647 ‘
706 2635 749 2666 sit
762 2635 909 2666 coniunae
921 2638 996 2676 opto
1011 2635 1018 2648 ’
1034 2645 1102 2666 non
1115 2644 1220 2665 ausus
1236 2634 1242 2646 ⁴
1259 2633 1427 2665 eburnea
1444 2633 1539 2673 uiryo
1555 2633 1562 2645 '
1589 2630 1594 2675 Ι
1615 2631 1720 2663 dicere

180 2687 381 2729 qumalion
410 2686 418 2699 ‘
432 2686 557 2718 similis
584 2696 657 2718 mea
670 2687 678 2699 '
713 2686 798 2718 dixit
833 2685 841 2698 ‘
857 2685 1025 2718 eburnae
1039 2686 1060 2717 ’.
1096 2685 1267 2727 Propertii
1289 2685 1383 2717 locus
1405 2685 1518 2716 minus
1539 2683 1719 2725 appositus

179 2743 244 2771 est.

226 2792 291 2824 239
313 2800 364 2831 sq.
388 2789 483 2821 Seru.
506 2789 592 2821 Aen.
615 2797 654 2820 VI
675 2789 739 2821 532
765 2788 967 2820 Tiberianus
990 2788 1088 2820 etiarn
1110 2787 1239 2820 inducit
1262 2787 1441 2828 epistulam
1465 2789 1562 2817 uento
1583 2785 1720 2816 allatam

181 2841 221 2873 ab
237 2840 462 2881 antipodfflus,
480 2850 563 2881 quae
579 2839 672 2871 habet
689 2839 697 2851 ‘
710 2839 826 2880 superi
842 2839 961 2881 inferis
977 2839 1116 2870 salutern
1129 2839 1151 2870 ⁹.
