<?xml version="1.0" encoding="UTF-8"?>
<!DOCTYPE html PUBLIC "-//W3C//DTD XHTML 1.0 Transitional//EN"
    "http://www.w3.org/TR/xhtml1/DTD/xhtml1-transitional.dtd">
<html xmlns="http://www.w3.org/1999/xhtml" xml:lang="en" lang="en">
 <head>
  <title>
</title>
<meta http-equiv="Content-Type" content="text/html;charset=utf-8" />
  <meta name='ocr-system' content='tesseract 3.04.00' />
  <meta name='ocr-capabilities' content='ocr_page ocr_carea ocr_par ocr_line ocrx_word'/>
</head>
<body>
  <div class='ocr_page' id='page_1' title='image "astronomiconrece05maniuoft_0099.png"; bbox 0 0 1855 3088; ppageno 0'>
   <div class='ocr_carea' id='block_1_1' title="bbox 579 150 1619 195">
    <p class='ocr_par' dir='ltr' id='par_1_1' title="bbox 579 150 1619 195">
     <span class='ocr_line' id='line_1_1' title="bbox 579 150 1619 195; baseline -0.006 0"><span class='ocrx_word' id='word_1_1' title='bbox 579 150 1061 195; x_wconf 84' lang='lat' dir='ltr'>ASTRONOMICON</span> <span class='ocrx_word' id='word_1_2' title='bbox 1091 150 1132 194; x_wconf 90' lang='lat' dir='ltr'>V</span> <span class='ocrx_word' id='word_1_3' title='bbox 1563 151 1619 190; x_wconf 89' lang='lat'>43</span> 
     </span>
    </p>
   </div>
   <div class='ocr_carea' id='block_1_2' title="bbox 132 263 1400 840">
    <p class='ocr_par' dir='ltr' id='par_1_2' title="bbox 254 263 1400 541">
     <span class='ocr_line' id='line_1_2' title="bbox 254 263 1400 320; baseline -0.003 -14"><span class='ocrx_word' id='word_1_4' title='bbox 254 269 298 306; x_wconf 92' lang='lat' dir='ltr'>et</span> <span class='ocrx_word' id='word_1_5' title='bbox 317 264 611 320; x_wconf 89' lang='lat' dir='ltr'>quodcumque</span> <span class='ocrx_word' id='word_1_6' title='bbox 630 279 760 307; x_wconf 87' lang='lat' dir='ltr'>manu</span> <span class='ocrx_word' id='word_1_7' title='bbox 779 264 966 319; x_wconf 88' lang='lat' dir='ltr'>loquitur</span> <span class='ocrx_word' id='word_1_8' title='bbox 984 263 1173 318; x_wconf 87' lang='lat' dir='ltr'>flatuque</span> <span class='ocrx_word' id='word_1_9' title='bbox 1192 268 1400 305; x_wconf 88' lang='lat' dir='ltr'>mouetur.</span> 
     </span>
     <span class='ocr_line' id='line_1_3' title="bbox 254 338 1123 380; baseline -0.001 0"><span class='ocrx_word' id='word_1_10' title='bbox 254 339 321 379; x_wconf 90' lang='lat' dir='ltr'>ille</span> <span class='ocrx_word' id='word_1_11' title='bbox 341 339 461 380; x_wconf 82' lang='lat' dir='ltr'>dabit</span> <span class='ocrx_word' id='word_1_12' title='bbox 480 344 630 380; x_wconf 84' lang='lat' dir='ltr'>cantus</span> <span class='ocrx_word' id='word_1_13' title='bbox 649 339 758 380; x_wconf 84' lang='lat' dir='ltr'>inter</span> <span class='ocrx_word' id='word_1_14' title='bbox 777 338 971 380; x_wconf 87' lang='lat' dir='ltr'>conuiuia</span> <span class='ocrx_word' id='word_1_15' title='bbox 991 339 1123 379; x_wconf 91' lang='lat' dir='ltr'>dulcis</span> 
     </span>
     <span class='ocr_line' id='line_1_4' title="bbox 254 411 1359 468; baseline 0 -16"><span class='ocrx_word' id='word_1_16' title='bbox 254 412 538 468; x_wconf 89' lang='lat' dir='ltr'>mulcebitque</span> <span class='ocrx_word' id='word_1_17' title='bbox 557 427 659 455; x_wconf 89' lang='lat' dir='ltr'>sono</span> <span class='ocrx_word' id='word_1_18' title='bbox 679 413 895 455; x_wconf 88' lang='lat' dir='ltr'>Bacchum</span> <span class='ocrx_word' id='word_1_19' title='bbox 913 417 1164 467; x_wconf 87' lang='lat' dir='ltr'>noctemque</span> <span class='ocrx_word' id='word_1_20' title='bbox 1184 411 1359 453; x_wconf 88' lang='lat' dir='ltr'>tenebit.</span> 
     </span>
     <span class='ocr_line' id='line_1_5' title="bbox 256 486 1160 541; baseline -0.001 -13"><span class='ocrx_word' id='word_1_21' title='bbox 256 486 358 541; x_wconf 86' lang='lat' dir='ltr'>quin</span> <span class='ocrx_word' id='word_1_22' title='bbox 377 487 506 528; x_wconf 85' lang='lat' dir='ltr'>etiam</span> <span class='ocrx_word' id='word_1_23' title='bbox 525 501 645 529; x_wconf 87' lang='lat' dir='ltr'>curas</span> <span class='ocrx_word' id='word_1_24' title='bbox 664 488 773 528; x_wconf 91' lang='lat' dir='ltr'>inter</span> <span class='ocrx_word' id='word_1_25' title='bbox 792 492 951 528; x_wconf 87' lang='lat' dir='ltr'>secreta</span> <span class='ocrx_word' id='word_1_26' title='bbox 970 486 1160 527; x_wconf 88' lang='lat' dir='ltr'>mouebit</span> 
     </span>
    </p>

    <p class='ocr_par' dir='ltr' id='par_1_3' title="bbox 132 561 1322 840">
     <span class='ocr_line' id='line_1_6' title="bbox 132 561 1279 602; baseline 0.001 -3"><span class='ocrx_word' id='word_1_27' title='bbox 132 568 199 600; x_wconf 89' lang='lat'>335</span> <span class='ocrx_word' id='word_1_28' title='bbox 255 561 440 602; x_wconf 86' lang='lat' dir='ltr'>carmina</span> <span class='ocrx_word' id='word_1_29' title='bbox 459 561 617 602; x_wconf 78' lang='lat' dir='ltr'>furtiuo</span> <span class='ocrx_word' id='word_1_30' title='bbox 637 561 880 602; x_wconf 82' lang='lat' dir='ltr'>modulatus</span> <span class='ocrx_word' id='word_1_31' title='bbox 898 575 1112 602; x_wconf 86' lang='lat' dir='ltr'>murmure</span> <span class='ocrx_word' id='word_1_32' title='bbox 1131 574 1279 601; x_wconf 90' lang='lat' dir='ltr'>uocem</span> 
     </span>
     <span class='ocr_line' id='line_1_7' title="bbox 255 634 1261 690; baseline -0.001 -14"><span class='ocrx_word' id='word_1_33' title='bbox 255 635 366 676; x_wconf 89' lang='lat' dir='ltr'>solus</span> <span class='ocrx_word' id='word_1_34' title='bbox 386 641 429 676; x_wconf 90' lang='lat' dir='ltr'>et</span> <span class='ocrx_word' id='word_1_35' title='bbox 447 635 535 690; x_wconf 87' lang='lat' dir='ltr'>ipse</span> <span class='ocrx_word' id='word_1_36' title='bbox 555 650 651 677; x_wconf 86' lang='lat' dir='ltr'>suas</span> <span class='ocrx_word' id='word_1_37' title='bbox 671 650 833 690; x_wconf 81' lang='lat' dir='ltr'>semper</span> <span class='ocrx_word' id='word_1_38' title='bbox 852 635 1045 676; x_wconf 84' lang='lat' dir='ltr'>cantabit</span> <span class='ocrx_word' id='word_1_39' title='bbox 1063 635 1118 676; x_wconf 87' lang='lat' dir='ltr'>ad</span> <span class='ocrx_word' id='word_1_40' title='bbox 1138 634 1261 684; x_wconf 83' lang='lat' dir='ltr'>auris,</span> 
     </span>
     <span class='ocr_line' id='line_1_8' title="bbox 255 709 1256 764; baseline -0.002 -13"><span class='ocrx_word' id='word_1_41' title='bbox 255 709 313 750; x_wconf 84' lang='lat' dir='ltr'>sio</span> <span class='ocrx_word' id='word_1_42' title='bbox 333 709 521 751; x_wconf 85' lang='lat' dir='ltr'>dictante</span> <span class='ocrx_word' id='word_1_43' title='bbox 540 710 664 764; x_wconf 82' lang='lat' dir='ltr'><strong>Lyra,</strong></span> <span class='ocrx_word' id='word_1_44' title='bbox 686 724 783 751; x_wconf 90' lang='lat' dir='ltr'>cum</span> <span class='ocrx_word' id='word_1_45' title='bbox 801 724 899 764; x_wconf 87' lang='lat' dir='ltr'>pars</span> <span class='ocrx_word' id='word_1_46' title='bbox 917 709 1115 750; x_wconf 85' lang='lat' dir='ltr'>uicesima</span> <span class='ocrx_word' id='word_1_47' title='bbox 1135 713 1256 750; x_wconf 85' lang='lat' dir='ltr'>sexta</span> 
     </span>
     <span class='ocr_line' id='line_1_9' title="bbox 256 783 1322 840; baseline -0.001 -16"><span class='ocrx_word' id='word_1_48' title='bbox 256 783 477 825; x_wconf 81' lang='lat' dir='ltr'>Chelarum</span> <span class='ocrx_word' id='word_1_49' title='bbox 496 789 650 839; x_wconf 89' lang='lat' dir='ltr'>surget,</span> <span class='ocrx_word' id='word_1_50' title='bbox 672 798 780 840; x_wconf 89' lang='lat' dir='ltr'>quae</span> <span class='ocrx_word' id='word_1_51' title='bbox 799 798 955 825; x_wconf 87' lang='lat' dir='ltr'>cornua</span> <span class='ocrx_word' id='word_1_52' title='bbox 974 783 1101 824; x_wconf 89' lang='lat' dir='ltr'>ducet</span> <span class='ocrx_word' id='word_1_53' title='bbox 1120 783 1175 824; x_wconf 89' lang='lat' dir='ltr'>ad</span> <span class='ocrx_word' id='word_1_54' title='bbox 1195 787 1322 824; x_wconf 86' lang='lat' dir='ltr'>astra.</span> 
     </span>
    </p>
   </div>
   <div class='ocr_carea' id='block_1_3' title="bbox 95 961 1628 2901">
    <p class='ocr_par' dir='ltr' id='par_1_4' title="bbox 95 961 1628 2901">
     <span class='ocr_line' id='line_1_10' title="bbox 95 961 1623 1003; baseline -0.001 -10"><span class='ocrx_word' id='word_1_55' title='bbox 95 962 224 994; x_wconf 80' lang='lat' dir='ltr'>formas</span> <span class='ocrx_word' id='word_1_56' title='bbox 248 966 427 994; x_wconf 87' lang='lat' dir='ltr'>enumerat</span> <span class='ocrx_word' id='word_1_57' title='bbox 451 962 573 994; x_wconf 87' lang='lat' dir='ltr'>Pollux</span> <span class='ocrx_word' id='word_1_58' title='bbox 598 972 636 994; x_wconf 86' lang='lat' dir='ltr'>IV</span> <span class='ocrx_word' id='word_1_59' title='bbox 661 964 767 995; x_wconf 87' lang='lat'>67-82</span> <span class='ocrx_word' id='word_1_60' title='bbox 860 964 922 996; x_wconf 91' lang='lat'><strong>331</strong></span> <span class='ocrx_word' id='word_1_61' title='bbox 947 962 1113 1003; x_wconf 82' lang='lat' dir='ltr'>loquitur:</span> <span class='ocrx_word' id='word_1_62' title='bbox 1152 961 1301 993; x_wconf 89' lang='lat' dir='ltr'>contulit</span> <span class='ocrx_word' id='word_1_63' title='bbox 1324 961 1472 1003; x_wconf 81' lang='lat' dir='ltr'>Scaliger</span> <span class='ocrx_word' id='word_1_64' title='bbox 1495 961 1623 1003; x_wconf 90' lang='lat' dir='ltr'>Appul.</span> 
     </span>
     <span class='ocr_line' id='line_1_11' title="bbox 97 1013 1624 1054; baseline -0.001 -10"><span class='ocrx_word' id='word_1_65' title='bbox 97 1017 177 1044; x_wconf 90' lang='lat' dir='ltr'>met.</span> <span class='ocrx_word' id='word_1_66' title='bbox 195 1022 217 1044; x_wconf 91' lang='lat' dir='ltr'><strong>v</strong></span> <span class='ocrx_word' id='word_1_67' title='bbox 233 1015 273 1045; x_wconf 89' lang='lat'>15</span> <span class='ocrx_word' id='word_1_68' title='bbox 288 1014 374 1045; x_wconf 84' lang='lat' dir='ltr'>iubet</span> <span class='ocrx_word' id='word_1_69' title='bbox 387 1014 548 1045; x_wconf 78' lang='lat' dir='ltr'>citharam</span> <span class='ocrx_word' id='word_1_70' title='bbox 564 1014 663 1054; x_wconf 83' lang='lat' dir='ltr'>loqui,</span> <span class='ocrx_word' id='word_1_71' title='bbox 678 1014 848 1054; x_wconf 75' lang='lat' dir='ltr'>psallitur,</span> <span class='ocrx_word' id='word_1_72' title='bbox 864 1014 1041 1045; x_wconf 89' lang='lat' dir='ltr'>Bentleius</span> <span class='ocrx_word' id='word_1_73' title='bbox 1055 1013 1154 1045; x_wconf 89' lang='lat' dir='ltr'>Lucr.</span> <span class='ocrx_word' id='word_1_74' title='bbox 1171 1022 1208 1044; x_wconf 86' lang='lat' dir='ltr'>IV</span> <span class='ocrx_word' id='word_1_75' title='bbox 1223 1015 1283 1045; x_wconf 87' lang='lat'>981</span> <span class='ocrx_word' id='word_1_76' title='bbox 1301 1013 1444 1044; x_wconf 76' lang='lat' dir='ltr'>citharae</span> <span class='ocrx_word' id='word_1_77' title='bbox 1459 1013 1624 1053; x_wconf 83' lang='lat' dir='ltr'>liquidum</span> 
     </span>
     <span class='ocr_line' id='line_1_12' title="bbox 96 1064 1625 1106; baseline -0.001 -10"><span class='ocrx_word' id='word_1_78' title='bbox 96 1074 228 1096; x_wconf 83' lang='lat' dir='ltr'>carmen</span> <span class='ocrx_word' id='word_1_79' title='bbox 249 1065 446 1106; x_wconf 69' lang='lat' dir='ltr'>chordasque</span> <span class='ocrx_word' id='word_1_80' title='bbox 468 1065 640 1105; x_wconf 81' lang='lat' dir='ltr'>loquentis,</span> <span class='ocrx_word' id='word_1_81' title='bbox 664 1066 743 1097; x_wconf 87' lang='lat' dir='ltr'>uide</span> <span class='ocrx_word' id='word_1_82' title='bbox 766 1066 872 1097; x_wconf 83' lang='lat' dir='ltr'>etiam</span> <span class='ocrx_word' id='word_1_83' title='bbox 894 1065 986 1096; x_wconf 90' lang='lat' dir='ltr'>Man.</span> <span class='ocrx_word' id='word_1_84' title='bbox 1012 1073 1055 1096; x_wconf 81' lang='lat'>111</span> <span class='ocrx_word' id='word_1_85' title='bbox 1078 1066 1152 1096; x_wconf 89' lang='grc'><strong>656.</strong></span> <span class='ocrx_word' id='word_1_86' title='bbox 1201 1065 1314 1096; x_wconf 84' lang='lat' dir='ltr'>minus</span> <span class='ocrx_word' id='word_1_87' title='bbox 1337 1065 1502 1096; x_wconf 78' lang='lat' dir='ltr'>audacter</span> <span class='ocrx_word' id='word_1_88' title='bbox 1525 1064 1625 1105; x_wconf 78' lang='lat' dir='ltr'>digiti</span> 
     </span>
     <span class='ocr_line' id='line_1_13' title="bbox 97 1115 1625 1157; baseline -0.001 -10"><span class='ocrx_word' id='word_1_89' title='bbox 97 1115 173 1156; x_wconf 85' lang='lat' dir='ltr'>lyra</span> <span class='ocrx_word' id='word_1_90' title='bbox 194 1117 348 1148; x_wconf 86' lang='lat' dir='ltr'>canentis</span> <span class='ocrx_word' id='word_1_91' title='bbox 369 1116 464 1157; x_wconf 89' lang='lat' dir='ltr'>loqui</span> <span class='ocrx_word' id='word_1_92' title='bbox 486 1117 648 1148; x_wconf 89' lang='lat' dir='ltr'>dicuntur</span> <span class='ocrx_word' id='word_1_93' title='bbox 670 1117 744 1148; x_wconf 91' lang='lat' dir='ltr'>Tib.</span> <span class='ocrx_word' id='word_1_94' title='bbox 769 1126 811 1148; x_wconf 79' lang='grc' dir='ltr'>ΠΙ</span> <span class='ocrx_word' id='word_1_95' title='bbox 832 1119 852 1147; x_wconf 88' lang='lat'>4</span> <span class='ocrx_word' id='word_1_96' title='bbox 874 1118 914 1148; x_wconf 87' lang='lat'>41</span> <span class='ocrx_word' id='word_1_97' title='bbox 1009 1119 1073 1149; x_wconf 80' lang='lat'>332</span> <span class='ocrx_word' id='word_1_98' title='bbox 1095 1116 1149 1147; x_wconf 81' lang='lat' dir='ltr'>ille</span> <span class='ocrx_word' id='word_1_99' title='bbox 1170 1119 1211 1148; x_wconf 89' lang='lat' dir='ltr'>ut</span> <span class='ocrx_word' id='word_1_100' title='bbox 1232 1117 1297 1147; x_wconf 86' lang='grc'>256</span> <span class='ocrx_word' id='word_1_101' title='bbox 1389 1118 1452 1149; x_wconf 87' lang='grc'>333</span> <span class='ocrx_word' id='word_1_102' title='bbox 1474 1115 1625 1147; x_wconf 78' lang='lat' dir='ltr'>mulcebit</span> 
     </span>
     <span class='ocr_line' id='line_1_14' title="bbox 100 1166 1622 1205; baseline 0 -7"><span class='ocrx_word' id='word_1_103' title='bbox 100 1166 277 1204; x_wconf 77' lang='lat' dir='ltr'>Bacchum,</span> <span class='ocrx_word' id='word_1_104' title='bbox 296 1168 416 1199; x_wconf 88' lang='lat' dir='ltr'>uinum</span> <span class='ocrx_word' id='word_1_105' title='bbox 434 1167 567 1199; x_wconf 86' lang='lat' dir='ltr'>dulcius</span> <span class='ocrx_word' id='word_1_106' title='bbox 584 1168 716 1205; x_wconf 85' lang='lat' dir='ltr'>reddet,</span> <span class='ocrx_word' id='word_1_107' title='bbox 735 1168 815 1199; x_wconf 91' lang='lat' dir='ltr'>uide</span> <span class='ocrx_word' id='word_1_108' title='bbox 833 1168 878 1199; x_wconf 88' lang='lat' dir='ltr'>ad</span> <span class='ocrx_word' id='word_1_109' title='bbox 895 1169 959 1199; x_wconf 85' lang='lat'>264</span> <span class='ocrx_word' id='word_1_110' title='bbox 977 1167 1157 1199; x_wconf 87' lang='lat' dir='ltr'>adnotata.</span> <span class='ocrx_word' id='word_1_111' title='bbox 1206 1168 1298 1198; x_wconf 89' lang='lat' dir='ltr'>Petr.</span> <span class='ocrx_word' id='word_1_112' title='bbox 1318 1168 1360 1199; x_wconf 90' lang='lat'>39</span> <span class='ocrx_word' id='word_1_113' title='bbox 1378 1168 1397 1198; x_wconf 87' lang='lat'>2</span> <span class='ocrx_word' id='word_1_114' title='bbox 1415 1167 1472 1198; x_wconf 77' lang='lat' dir='ltr'>hoc</span> <span class='ocrx_word' id='word_1_115' title='bbox 1490 1167 1622 1204; x_wconf 84' lang='lat' dir='ltr'>uinum,</span> 
     </span>
     <span class='ocr_line' id='line_1_15' title="bbox 97 1217 1624 1260; baseline 0.001 -12"><span class='ocrx_word' id='word_1_116' title='bbox 97 1217 216 1258; x_wconf 81' lang='lat' dir='ltr'>inquit,</span> <span class='ocrx_word' id='word_1_117' title='bbox 237 1229 297 1249; x_wconf 84' lang='lat' dir='ltr'>uos</span> <span class='ocrx_word' id='word_1_118' title='bbox 317 1223 438 1259; x_wconf 76' lang='lat' dir='ltr'>oportet</span> <span class='ocrx_word' id='word_1_119' title='bbox 458 1229 563 1250; x_wconf 86' lang='lat' dir='ltr'>suaue</span> <span class='ocrx_word' id='word_1_120' title='bbox 577 1219 716 1260; x_wconf 81' lang='lat' dir='ltr'>faciatis</span> <span class='ocrx_word' id='word_1_121' title='bbox 737 1219 951 1250; x_wconf 83' lang='lat' dir='ltr'>sermonibus</span> <span class='ocrx_word' id='word_1_122' title='bbox 972 1219 1105 1250; x_wconf 87' lang='lat' dir='ltr'>uestris.</span> <span class='ocrx_word' id='word_1_123' title='bbox 1154 1218 1256 1250; x_wconf 80' lang='lat' dir='ltr'>simili</span> <span class='ocrx_word' id='word_1_124' title='bbox 1276 1219 1373 1250; x_wconf 88' lang='lat' dir='ltr'>uerbi</span> <span class='ocrx_word' id='word_1_125' title='bbox 1393 1229 1457 1250; x_wconf 88' lang='lat' dir='ltr'>usu</span> <span class='ocrx_word' id='word_1_126' title='bbox 1478 1218 1624 1250; x_wconf 87' lang='lat' dir='ltr'>mulsum</span> 
     </span>
     <span class='ocr_line' id='line_1_16' title="bbox 98 1269 1624 1310; baseline 0.001 -10"><span class='ocrx_word' id='word_1_127' title='bbox 98 1269 292 1310; x_wconf 86' lang='lat' dir='ltr'>appellatur</span> <span class='ocrx_word' id='word_1_128' title='bbox 311 1274 466 1302; x_wconf 80' lang='lat' dir='ltr'>mustum</span> <span class='ocrx_word' id='word_1_129' title='bbox 485 1271 539 1302; x_wconf 87' lang='lat' dir='ltr'>cui</span> <span class='ocrx_word' id='word_1_130' title='bbox 558 1270 625 1302; x_wconf 89' lang='lat' dir='ltr'>mel</span> <span class='ocrx_word' id='word_1_131' title='bbox 644 1271 841 1302; x_wconf 81' lang='lat' dir='ltr'>admixtum</span> <span class='ocrx_word' id='word_1_132' title='bbox 860 1271 905 1302; x_wconf 86' lang='lat' dir='ltr'>sit</span> <span class='ocrx_word' id='word_1_133' title='bbox 995 1272 1132 1301; x_wconf 87' lang='lat' dir='ltr'>noctem</span> <span class='ocrx_word' id='word_1_134' title='bbox 1150 1270 1196 1308; x_wconf 88' lang='lat' dir='ltr'>M,</span> <span class='ocrx_word' id='word_1_135' title='bbox 1216 1272 1332 1301; x_wconf 85' lang='lat' dir='ltr'>noctes</span> <span class='ocrx_word' id='word_1_136' title='bbox 1352 1269 1406 1301; x_wconf 84' lang='lat' dir='ltr'>GL</span> <span class='ocrx_word' id='word_1_137' title='bbox 1497 1270 1624 1307; x_wconf 79' lang='lat' dir='ltr'>tenebit,</span> 
     </span>
     <span class='ocr_line' id='line_1_17' title="bbox 99 1320 1625 1363; baseline 0.001 -12"><span class='ocrx_word' id='word_1_138' title='bbox 99 1320 199 1352; x_wconf 88' lang='lat' dir='ltr'>Ouid.</span> <span class='ocrx_word' id='word_1_139' title='bbox 224 1324 305 1352; x_wconf 88' lang='lat' dir='ltr'>met.</span> <span class='ocrx_word' id='word_1_140' title='bbox 330 1330 343 1352; x_wconf 94' lang='lat'>1</span> <span class='ocrx_word' id='word_1_141' title='bbox 366 1322 428 1353; x_wconf 83' lang='lat'>682</span> <span class='ocrx_word' id='word_1_142' title='bbox 452 1332 502 1363; x_wconf 87' lang='lat' dir='ltr'>sq.</span> <span class='ocrx_word' id='word_1_143' title='bbox 527 1325 656 1353; x_wconf 87' lang='lat' dir='ltr'>euntem</span> <span class='ocrx_word' id='word_1_144' title='bbox 673 1346 680 1353; x_wconf 90' lang='lat'><strong>.</strong></span> <span class='ocrx_word' id='word_1_145' title='bbox 701 1346 708 1353; x_wconf 90' lang='lat'>.</span> <span class='ocrx_word' id='word_1_146' title='bbox 728 1346 735 1353; x_wconf 89' lang='lat'>.</span> <span class='ocrx_word' id='word_1_147' title='bbox 753 1321 895 1353; x_wconf 79' lang='lat' dir='ltr'>detinuit</span> <span class='ocrx_word' id='word_1_148' title='bbox 917 1332 1063 1352; x_wconf 75' lang='lat' dir='ltr'>sermone</span> <span class='ocrx_word' id='word_1_149' title='bbox 1085 1321 1182 1352; x_wconf 85' lang='lat' dir='ltr'>diem.</span> <span class='ocrx_word' id='word_1_150' title='bbox 1231 1322 1314 1352; x_wconf 87' lang='lat' dir='ltr'>haec</span> <span class='ocrx_word' id='word_1_151' title='bbox 1338 1321 1407 1352; x_wconf 93' lang='lat' dir='ltr'>duo</span> <span class='ocrx_word' id='word_1_152' title='bbox 1430 1323 1625 1363; x_wconf 80' lang='lat' dir='ltr'>composuit</span> 
     </span>
     <span class='ocr_line' id='line_1_18' title="bbox 99 1371 1623 1414; baseline 0.001 -12"><span class='ocrx_word' id='word_1_153' title='bbox 99 1371 261 1404; x_wconf 83' lang='lat' dir='ltr'>Heinsius</span> <span class='ocrx_word' id='word_1_154' title='bbox 277 1372 322 1404; x_wconf 89' lang='lat' dir='ltr'>ad</span> <span class='ocrx_word' id='word_1_155' title='bbox 339 1373 438 1405; x_wconf 87' lang='lat' dir='ltr'>Ouid.</span> <span class='ocrx_word' id='word_1_156' title='bbox 456 1384 499 1404; x_wconf 87' lang='lat' dir='ltr'>ex</span> <span class='ocrx_word' id='word_1_157' title='bbox 516 1373 617 1404; x_wconf 89' lang='lat' dir='ltr'>Pont.</span> <span class='ocrx_word' id='word_1_158' title='bbox 632 1382 669 1404; x_wconf 88' lang='lat' dir='ltr'>1v</span> <span class='ocrx_word' id='word_1_159' title='bbox 684 1374 723 1405; x_wconf 91' lang='lat'>10</span> <span class='ocrx_word' id='word_1_160' title='bbox 738 1374 790 1411; x_wconf 82' lang='lat'>67,</span> <span class='ocrx_word' id='word_1_161' title='bbox 804 1374 864 1414; x_wconf 91' lang='lat' dir='ltr'>qui</span> <span class='ocrx_word' id='word_1_162' title='bbox 883 1383 1001 1404; x_wconf 86' lang='lat' dir='ltr'>uersus</span> <span class='ocrx_word' id='word_1_163' title='bbox 1018 1373 1117 1404; x_wconf 88' lang='lat' dir='ltr'>aliter</span> <span class='ocrx_word' id='word_1_164' title='bbox 1129 1373 1165 1404; x_wconf 91' lang='lat' dir='ltr'>in</span> <span class='ocrx_word' id='word_1_165' title='bbox 1178 1373 1352 1404; x_wconf 86' lang='lat' dir='ltr'>codicibus</span> <span class='ocrx_word' id='word_1_166' title='bbox 1369 1376 1475 1413; x_wconf 88' lang='lat' dir='ltr'>atque</span> <span class='ocrx_word' id='word_1_167' title='bbox 1488 1374 1523 1404; x_wconf 89' lang='lat' dir='ltr'>in</span> <span class='ocrx_word' id='word_1_168' title='bbox 1535 1373 1623 1404; x_wconf 88' lang='lat' dir='ltr'>thes.</span> 
     </span>
     <span class='ocr_line' id='line_1_19' title="bbox 98 1422 1581 1466; baseline 0.001 -13"><span class='ocrx_word' id='word_1_169' title='bbox 98 1422 178 1463; x_wconf 89' lang='lat' dir='ltr'>ling.</span> <span class='ocrx_word' id='word_1_170' title='bbox 202 1423 278 1454; x_wconf 90' lang='lat' dir='ltr'>Lat.</span> <span class='ocrx_word' id='word_1_171' title='bbox 301 1432 324 1454; x_wconf 90' lang='lat' dir='ltr'>v</span> <span class='ocrx_word' id='word_1_172' title='bbox 344 1434 377 1465; x_wconf 92' lang='lat' dir='ltr'>p.</span> <span class='ocrx_word' id='word_1_173' title='bbox 401 1425 463 1455; x_wconf 88' lang='lat'>817</span> <span class='ocrx_word' id='word_1_174' title='bbox 485 1425 526 1455; x_wconf 85' lang='lat'>22</span> <span class='ocrx_word' id='word_1_175' title='bbox 549 1425 696 1466; x_wconf 88' lang='lat' dir='ltr'>scriptus</span> <span class='ocrx_word' id='word_1_176' title='bbox 717 1428 770 1456; x_wconf 85' lang='lat' dir='ltr'>est</span> <span class='ocrx_word' id='word_1_177' title='bbox 861 1426 925 1457; x_wconf 85' lang='lat'>334</span> <span class='ocrx_word' id='word_1_178' title='bbox 941 1424 983 1455; x_wconf 91' lang='lat' dir='ltr'>de</span> <span class='ocrx_word' id='word_1_179' title='bbox 999 1424 1118 1455; x_wconf 87' lang='lat' dir='ltr'>ordine</span> <span class='ocrx_word' id='word_1_180' title='bbox 1135 1423 1321 1455; x_wconf 89' lang='lat' dir='ltr'>uerborum</span> <span class='ocrx_word' id='word_1_181' title='bbox 1338 1424 1410 1455; x_wconf 81' lang='lat' dir='ltr'>dixi</span> <span class='ocrx_word' id='word_1_182' title='bbox 1427 1424 1471 1455; x_wconf 88' lang='lat' dir='ltr'>ad</span> <span class='ocrx_word' id='word_1_183' title='bbox 1488 1433 1501 1455; x_wconf 94' lang='lat'>1</span> <span class='ocrx_word' id='word_1_184' title='bbox 1517 1425 1581 1455; x_wconf 76' lang='lat'>245</span> 
     </span>
     <span class='ocr_line' id='line_1_20' title="bbox 188 1474 1624 1516; baseline 0.001 -9"><span class='ocrx_word' id='word_1_185' title='bbox 188 1477 251 1508; x_wconf 84' lang='lat'><strong>335</strong></span> <span class='ocrx_word' id='word_1_186' title='bbox 283 1474 436 1506; x_wconf 84' lang='lat' dir='ltr'>carmina</span> <span class='ocrx_word' id='word_1_187' title='bbox 467 1475 503 1506; x_wconf 92' lang='lat' dir='ltr'>M</span> <span class='ocrx_word' id='word_1_188' title='bbox 534 1476 608 1507; x_wconf 92' lang='lat' dir='ltr'>cod.</span> <span class='ocrx_word' id='word_1_189' title='bbox 643 1476 807 1513; x_wconf 86' lang='lat' dir='ltr'>Venetus,</span> <span class='ocrx_word' id='word_1_190' title='bbox 840 1474 992 1507; x_wconf 79' lang='lat' dir='ltr'>carmine</span> <span class='ocrx_word' id='word_1_191' title='bbox 1024 1474 1079 1506; x_wconf 84' lang='lat' dir='ltr'>GL</span> <span class='ocrx_word' id='word_1_192' title='bbox 1164 1474 1308 1516; x_wconf 87' lang='lat' dir='ltr'>furtiuo,</span> <span class='ocrx_word' id='word_1_193' title='bbox 1341 1475 1465 1507; x_wconf 87' lang='lat' dir='ltr'>clausis</span> <span class='ocrx_word' id='word_1_194' title='bbox 1496 1475 1624 1508; x_wconf 85' lang='lat' dir='ltr'>labris:</span> 
     </span>
     <span class='ocr_line' id='line_1_21' title="bbox 98 1525 1627 1569; baseline 0.001 -12"><span class='ocrx_word' id='word_1_195' title='bbox 98 1525 189 1556; x_wconf 84' lang='lat' dir='ltr'>Pers.</span> <span class='ocrx_word' id='word_1_196' title='bbox 215 1534 238 1556; x_wconf 88' lang='lat' dir='ltr'>v</span> <span class='ocrx_word' id='word_1_197' title='bbox 265 1527 300 1557; x_wconf 92' lang='lat'>11</span> <span class='ocrx_word' id='word_1_198' title='bbox 328 1536 378 1567; x_wconf 86' lang='lat' dir='ltr'>sq.</span> <span class='ocrx_word' id='word_1_199' title='bbox 405 1536 461 1558; x_wconf 87' lang='lat' dir='ltr'>nec</span> <span class='ocrx_word' id='word_1_200' title='bbox 485 1527 597 1558; x_wconf 83' lang='lat' dir='ltr'>clauso</span> <span class='ocrx_word' id='word_1_201' title='bbox 621 1537 789 1558; x_wconf 86' lang='lat' dir='ltr'>murmure</span> <span class='ocrx_word' id='word_1_202' title='bbox 812 1537 934 1558; x_wconf 85' lang='lat' dir='ltr'>raucus</span> <span class='ocrx_word' id='word_1_203' title='bbox 957 1525 960 1569; x_wconf 91' lang='grc' dir='ltr'>Ι</span> <span class='ocrx_word' id='word_1_204' title='bbox 981 1526 1171 1567; x_wconf 79' lang='lat' dir='ltr'>nescioquid</span> <span class='ocrx_word' id='word_1_205' title='bbox 1195 1530 1299 1558; x_wconf 86' lang='lat' dir='ltr'>tecum</span> <span class='ocrx_word' id='word_1_206' title='bbox 1322 1537 1422 1567; x_wconf 73' lang='lat' dir='ltr'>qraue</span> <span class='ocrx_word' id='word_1_207' title='bbox 1446 1527 1627 1559; x_wconf 86' lang='lat' dir='ltr'>cornicaris</span> 
     </span>
     <span class='ocr_line' id='line_1_22' title="bbox 97 1576 1626 1619; baseline 0.002 -12"><span class='ocrx_word' id='word_1_208' title='bbox 97 1576 206 1616; x_wconf 81' lang='lat' dir='ltr'>inepte</span> <span class='ocrx_word' id='word_1_209' title='bbox 297 1579 360 1610; x_wconf 82' lang='lat'>336</span> <span class='ocrx_word' id='word_1_210' title='bbox 373 1577 525 1610; x_wconf 81' lang='lat' dir='ltr'>cantabit</span> <span class='ocrx_word' id='word_1_211' title='bbox 538 1577 618 1616; x_wconf 88' lang='lat' dir='ltr'>GL2,</span> <span class='ocrx_word' id='word_1_212' title='bbox 633 1578 788 1610; x_wconf 80' lang='lat' dir='ltr'>cantauit</span> <span class='ocrx_word' id='word_1_213' title='bbox 800 1577 863 1609; x_wconf 90' lang='lat' dir='ltr'>LM</span> <span class='ocrx_word' id='word_1_214' title='bbox 953 1586 1052 1609; x_wconf 88' lang='lat' dir='ltr'>aures</span> <span class='ocrx_word' id='word_1_215' title='bbox 1067 1577 1132 1616; x_wconf 84' lang='lat' dir='ltr'>GL,</span> <span class='ocrx_word' id='word_1_216' title='bbox 1147 1577 1230 1609; x_wconf 84' lang='lat' dir='ltr'>iuris</span> <span class='ocrx_word' id='word_1_217' title='bbox 1244 1578 1280 1609; x_wconf 92' lang='lat' dir='ltr'>M</span> <span class='ocrx_word' id='word_1_218' title='bbox 1371 1581 1434 1612; x_wconf 77' lang='lat'>337</span> <span class='ocrx_word' id='word_1_219' title='bbox 1450 1581 1523 1615; x_wconf 85' lang='lat'>338,</span> <span class='ocrx_word' id='word_1_220' title='bbox 1539 1589 1626 1619; x_wconf 82' lang='lat' dir='ltr'>quos</span> 
     </span>
     <span class='ocr_line' id='line_1_23' title="bbox 98 1627 1627 1670; baseline 0.002 -12"><span class='ocrx_word' id='word_1_221' title='bbox 98 1627 274 1660; x_wconf 87' lang='lat' dir='ltr'>Bentleius</span> <span class='ocrx_word' id='word_1_222' title='bbox 303 1629 441 1666; x_wconf 87' lang='lat' dir='ltr'>deleuit,</span> <span class='ocrx_word' id='word_1_223' title='bbox 471 1629 517 1661; x_wconf 88' lang='lat' dir='ltr'>ad</span> <span class='ocrx_word' id='word_1_224' title='bbox 545 1630 720 1670; x_wconf 87' lang='lat' dir='ltr'>superiora</span> <span class='ocrx_word' id='word_1_225' title='bbox 748 1629 936 1661; x_wconf 87' lang='lat' dir='ltr'>trahendos</span> <span class='ocrx_word' id='word_1_226' title='bbox 965 1640 1037 1660; x_wconf 89' lang='lat' dir='ltr'>esse</span> <span class='ocrx_word' id='word_1_227' title='bbox 1066 1629 1203 1661; x_wconf 87' lang='lat' dir='ltr'>dixerat</span> <span class='ocrx_word' id='word_1_228' title='bbox 1232 1630 1269 1660; x_wconf 84' lang='lat' dir='ltr'>F.</span> <span class='ocrx_word' id='word_1_229' title='bbox 1301 1629 1434 1667; x_wconf 88' lang='lat' dir='ltr'>Iunius,</span> <span class='ocrx_word' id='word_1_230' title='bbox 1463 1631 1558 1670; x_wconf 90' lang='lat' dir='ltr'>quod</span> <span class='ocrx_word' id='word_1_231' title='bbox 1586 1634 1627 1662; x_wconf 90' lang='lat' dir='ltr'>ut</span> 
     </span>
     <span class='ocr_line' id='line_1_24' title="bbox 97 1678 1626 1722; baseline 0.001 -12"><span class='ocrx_word' id='word_1_232' title='bbox 97 1678 168 1710; x_wconf 90' lang='lat' dir='ltr'>fieri</span> <span class='ocrx_word' id='word_1_233' title='bbox 189 1682 305 1720; x_wconf 82' lang='lat' dir='ltr'>posset</span> <span class='ocrx_word' id='word_1_234' title='bbox 326 1680 481 1721; x_wconf 85' lang='lat' dir='ltr'>Pingraei</span> <span class='ocrx_word' id='word_1_235' title='bbox 505 1681 645 1712; x_wconf 89' lang='lat' dir='ltr'>demum</span> <span class='ocrx_word' id='word_1_236' title='bbox 666 1681 908 1712; x_wconf 85' lang='lat' dir='ltr'>emendatione</span> <span class='ocrx_word' id='word_1_237' title='bbox 929 1680 1093 1712; x_wconf 85' lang='lat' dir='ltr'>effectum</span> <span class='ocrx_word' id='word_1_238' title='bbox 1113 1684 1175 1712; x_wconf 88' lang='lat' dir='ltr'>est.</span> <span class='ocrx_word' id='word_1_239' title='bbox 1225 1680 1405 1722; x_wconf 79' lang='lat' dir='ltr'>Scahgero,</span> <span class='ocrx_word' id='word_1_240' title='bbox 1428 1682 1522 1722; x_wconf 90' lang='lat' dir='ltr'>quod</span> <span class='ocrx_word' id='word_1_241' title='bbox 1544 1692 1626 1713; x_wconf 91' lang='lat' dir='ltr'>uero</span> 
     </span>
     <span class='ocr_line' id='line_1_25' title="bbox 97 1730 1626 1772; baseline 0.001 -10"><span class='ocrx_word' id='word_1_242' title='bbox 97 1730 252 1762; x_wconf 91' lang='lat' dir='ltr'>nondum</span> <span class='ocrx_word' id='word_1_243' title='bbox 278 1732 421 1763; x_wconf 89' lang='lat' dir='ltr'>inuento</span> <span class='ocrx_word' id='word_1_244' title='bbox 449 1731 516 1763; x_wconf 86' lang='lat' dir='ltr'>alia</span> <span class='ocrx_word' id='word_1_245' title='bbox 543 1732 684 1763; x_wconf 84' lang='lat' dir='ltr'>molitus</span> <span class='ocrx_word' id='word_1_246' title='bbox 711 1735 774 1769; x_wconf 88' lang='lat' dir='ltr'>est,</span> <span class='ocrx_word' id='word_1_247' title='bbox 801 1732 902 1763; x_wconf 80' lang='lat' dir='ltr'>facile</span> <span class='ocrx_word' id='word_1_248' title='bbox 928 1732 1127 1772; x_wconf 85' lang='lat' dir='ltr'>ignoscitur,</span> <span class='ocrx_word' id='word_1_249' title='bbox 1156 1732 1284 1763; x_wconf 85' lang='lat' dir='ltr'>Iacobo</span> <span class='ocrx_word' id='word_1_250' title='bbox 1311 1736 1347 1764; x_wconf 87' lang='lat' dir='ltr'>et</span> <span class='ocrx_word' id='word_1_251' title='bbox 1375 1733 1529 1764; x_wconf 88' lang='lat' dir='ltr'>Breitero</span> <span class='ocrx_word' id='word_1_252' title='bbox 1556 1744 1626 1764; x_wconf 89' lang='lat' dir='ltr'>non</span> 
     </span>
     <span class='ocr_line' id='line_1_26' title="bbox 96 1781 1626 1824; baseline 0.003 -12"><span class='ocrx_word' id='word_1_253' title='bbox 96 1781 181 1812; x_wconf 89' lang='lat' dir='ltr'>item</span> <span class='ocrx_word' id='word_1_254' title='bbox 272 1785 336 1816; x_wconf 81' lang='lat'>337</span> <span class='ocrx_word' id='word_1_255' title='bbox 364 1782 412 1814; x_wconf 84' lang='lat' dir='ltr'>sic</span> <span class='ocrx_word' id='word_1_256' title='bbox 441 1782 589 1815; x_wconf 78' lang='lat' dir='ltr'>dictante</span> <span class='ocrx_word' id='word_1_257' title='bbox 619 1783 817 1824; x_wconf 85' lang='lat' dir='ltr'>Pingraeus,</span> <span class='ocrx_word' id='word_1_258' title='bbox 847 1783 902 1815; x_wconf 85' lang='lat' dir='ltr'>hic</span> <span class='ocrx_word' id='word_1_259' title='bbox 932 1782 1063 1823; x_wconf 85' lang='lat' dir='ltr'>(GL²M‚</span> <span class='ocrx_word' id='word_1_260' title='bbox 1094 1783 1174 1815; x_wconf 86' lang='lat' dir='ltr'>hinc</span> <span class='ocrx_word' id='word_1_261' title='bbox 1203 1783 1242 1823; x_wconf 92' lang='lat' dir='ltr'>L)</span> <span class='ocrx_word' id='word_1_262' title='bbox 1272 1783 1419 1815; x_wconf 74' lang='lat' dir='ltr'>distante</span> <span class='ocrx_word' id='word_1_263' title='bbox 1447 1783 1535 1815; x_wconf 85' lang='lat' dir='ltr'>libri.</span> <span class='ocrx_word' id='word_1_264' title='bbox 1584 1785 1626 1816; x_wconf 89' lang='lat' dir='ltr'>de</span> 
     </span>
     <span class='ocr_line' id='line_1_27' title="bbox 97 1832 1627 1876; baseline 0.003 -13"><span class='ocrx_word' id='word_1_265' title='bbox 97 1832 253 1864; x_wconf 83' lang='lat' dir='ltr'>dictandi</span> <span class='ocrx_word' id='word_1_266' title='bbox 278 1834 384 1865; x_wconf 87' lang='lat' dir='ltr'>uerbo</span> <span class='ocrx_word' id='word_1_267' title='bbox 410 1834 489 1865; x_wconf 88' lang='lat' dir='ltr'>uide</span> <span class='ocrx_word' id='word_1_268' title='bbox 515 1843 553 1865; x_wconf 87' lang='lat' dir='ltr'>IV</span> <span class='ocrx_word' id='word_1_269' title='bbox 579 1835 643 1866; x_wconf 81' lang='lat'>569</span> <span class='ocrx_word' id='word_1_270' title='bbox 669 1837 705 1866; x_wconf 83' lang='lat' dir='ltr'>et</span> <span class='ocrx_word' id='word_1_271' title='bbox 730 1834 822 1865; x_wconf 91' lang='lat' dir='ltr'>locos</span> <span class='ocrx_word' id='word_1_272' title='bbox 848 1834 896 1865; x_wconf 91' lang='lat' dir='ltr'>ibi</span> <span class='ocrx_word' id='word_1_273' title='bbox 922 1834 1058 1865; x_wconf 88' lang='lat' dir='ltr'>adlatos</span> <span class='ocrx_word' id='word_1_274' title='bbox 1150 1836 1214 1867; x_wconf 85' lang='lat'><strong>338</strong></span> <span class='ocrx_word' id='word_1_275' title='bbox 1239 1836 1355 1875; x_wconf 83' lang='lat' dir='ltr'>surget</span> <span class='ocrx_word' id='word_1_276' title='bbox 1380 1834 1460 1873; x_wconf 80' lang='lat' dir='ltr'>GL2,</span> <span class='ocrx_word' id='word_1_277' title='bbox 1487 1837 1627 1876; x_wconf 85' lang='lat' dir='ltr'>surgent</span> 
     </span>
     <span class='ocr_line' id='line_1_28' title="bbox 98 1883 1627 1924; baseline 0.003 -10"><span class='ocrx_word' id='word_1_278' title='bbox 98 1883 161 1914; x_wconf 88' lang='lat' dir='ltr'>LM</span> <span class='ocrx_word' id='word_1_279' title='bbox 250 1884 350 1916; x_wconf 88' lang='lat' dir='ltr'>ducet</span> <span class='ocrx_word' id='word_1_280' title='bbox 374 1884 439 1923; x_wconf 87' lang='lat' dir='ltr'>GL,</span> <span class='ocrx_word' id='word_1_281' title='bbox 465 1884 557 1916; x_wconf 88' lang='lat' dir='ltr'>ducit</span> <span class='ocrx_word' id='word_1_282' title='bbox 580 1885 627 1916; x_wconf 90' lang='lat' dir='ltr'>M.</span> <span class='ocrx_word' id='word_1_283' title='bbox 673 1896 797 1917; x_wconf 87' lang='lat' dir='ltr'>cornua</span> <span class='ocrx_word' id='word_1_284' title='bbox 822 1885 914 1916; x_wconf 81' lang='lat' dir='ltr'>ducet</span> <span class='ocrx_word' id='word_1_285' title='bbox 938 1885 982 1916; x_wconf 90' lang='lat' dir='ltr'>ad</span> <span class='ocrx_word' id='word_1_286' title='bbox 1006 1888 1106 1922; x_wconf 88' lang='lat' dir='ltr'>astra,</span> <span class='ocrx_word' id='word_1_287' title='bbox 1132 1886 1261 1917; x_wconf 85' lang='lat' dir='ltr'>orietur</span> <span class='ocrx_word' id='word_1_288' title='bbox 1285 1896 1364 1917; x_wconf 90' lang='lat' dir='ltr'>cum</span> <span class='ocrx_word' id='word_1_289' title='bbox 1389 1887 1560 1924; x_wconf 88' lang='lat' dir='ltr'>cornibus,</span> <span class='ocrx_word' id='word_1_290' title='bbox 1587 1890 1627 1918; x_wconf 88' lang='lat' dir='ltr'>ut</span> 
     </span>
     <span class='ocr_line' id='line_1_29' title="bbox 98 1935 1627 1979; baseline 0.003 -14"><span class='ocrx_word' id='word_1_291' title='bbox 98 1943 112 1965; x_wconf 90' lang='grc' dir='ltr'>Ι</span> <span class='ocrx_word' id='word_1_292' title='bbox 137 1936 201 1966; x_wconf 83' lang='grc'>346</span> <span class='ocrx_word' id='word_1_293' title='bbox 225 1935 330 1975; x_wconf 73' lang='lat' dir='ltr'>surqit</span> <span class='ocrx_word' id='word_1_294' title='bbox 356 1935 546 1976; x_wconf 77' lang='lat' dir='ltr'>Delphinus</span> <span class='ocrx_word' id='word_1_295' title='bbox 564 1936 607 1967; x_wconf 91' lang='lat' dir='ltr'>ad</span> <span class='ocrx_word' id='word_1_296' title='bbox 625 1939 725 1973; x_wconf 89' lang='lat' dir='ltr'>astra,</span> <span class='ocrx_word' id='word_1_297' title='bbox 745 1945 768 1967; x_wconf 88' lang='lat' dir='ltr'>V</span> <span class='ocrx_word' id='word_1_298' title='bbox 789 1937 863 1973; x_wconf 85' lang='lat'>198,</span> <span class='ocrx_word' id='word_1_299' title='bbox 891 1938 956 1967; x_wconf 86' lang='lat'>416</span> <span class='ocrx_word' id='word_1_300' title='bbox 987 1946 1037 1977; x_wconf 89' lang='lat' dir='ltr'>sq.</span> <span class='ocrx_word' id='word_1_301' title='bbox 1099 1940 1192 1968; x_wconf 87' lang='lat' dir='ltr'>recte</span> <span class='ocrx_word' id='word_1_302' title='bbox 1217 1937 1426 1977; x_wconf 85' lang='lat' dir='ltr'>Pingraeus:</span> <span class='ocrx_word' id='word_1_303' title='bbox 1465 1937 1627 1979; x_wconf 84' lang='lat' dir='ltr'>Scaligeri</span> 
     </span>
     <span class='ocr_line' id='line_1_30' title="bbox 99 1986 1627 2029; baseline 0.003 -12"><span class='ocrx_word' id='word_1_304' title='bbox 99 1996 247 2017; x_wconf 89' lang='lat' dir='ltr'>errorem</span> <span class='ocrx_word' id='word_1_305' title='bbox 260 1995 273 2017; x_wconf 94' lang='lat'>1</span> <span class='ocrx_word' id='word_1_306' title='bbox 284 1988 348 2018; x_wconf 86' lang='lat'>324</span> <span class='ocrx_word' id='word_1_307' title='bbox 360 1986 504 2018; x_wconf 82' lang='lat' dir='ltr'>diductis</span> <span class='ocrx_word' id='word_1_308' title='bbox 513 1997 573 2028; x_wconf 91' lang='lat' dir='ltr'>per</span> <span class='ocrx_word' id='word_1_309' title='bbox 584 1987 710 2018; x_wconf 87' lang='lat' dir='ltr'>caelum</span> <span class='ocrx_word' id='word_1_310' title='bbox 722 1987 875 2019; x_wconf 80' lang='lat' dir='ltr'>cornibus</span> <span class='ocrx_word' id='word_1_311' title='bbox 887 1988 1121 2029; x_wconf 87' lang='lat' dir='ltr'>comparantis</span> <span class='ocrx_word' id='word_1_312' title='bbox 1134 1989 1230 2028; x_wconf 87' lang='lat' dir='ltr'>sequi</span> <span class='ocrx_word' id='word_1_313' title='bbox 1243 1988 1440 2020; x_wconf 86' lang='lat' dir='ltr'>maluerunt</span> <span class='ocrx_word' id='word_1_314' title='bbox 1452 1989 1627 2021; x_wconf 85' lang='lat' dir='ltr'>Breiterus</span> 
     </span>
     <span class='ocr_line' id='line_1_31' title="bbox 98 2037 1628 2079; baseline 0.002 -10"><span class='ocrx_word' id='word_1_315' title='bbox 98 2040 134 2068; x_wconf 84' lang='lat' dir='ltr'>et</span> <span class='ocrx_word' id='word_1_316' title='bbox 166 2037 441 2079; x_wconf 86' lang='lat' dir='ltr'>Wageningenus</span> <span class='ocrx_word' id='word_1_317' title='bbox 533 2039 719 2079; x_wconf 84' lang='lat' dir='ltr'>Pingraeus</span> <span class='ocrx_word' id='word_1_318' title='bbox 750 2039 968 2070; x_wconf 76' lang='lat' dir='ltr'>hemistichia</span> <span class='ocrx_word' id='word_1_319' title='bbox 1000 2039 1047 2070; x_wconf 89' lang='lat' dir='ltr'>sic</span> <span class='ocrx_word' id='word_1_320' title='bbox 1080 2040 1234 2076; x_wconf 84' lang='lat' dir='ltr'>inuertit,</span> <span class='ocrx_word' id='word_1_321' title='bbox 1267 2050 1350 2079; x_wconf 81' lang='lat' dir='ltr'>quae</span> <span class='ocrx_word' id='word_1_322' title='bbox 1381 2050 1506 2071; x_wconf 86' lang='lat' dir='ltr'>cornua</span> <span class='ocrx_word' id='word_1_323' title='bbox 1537 2041 1628 2073; x_wconf 85' lang='lat' dir='ltr'>ducit</span> 
     </span>
     <span class='ocr_line' id='line_1_32' title="bbox 99 2087 1627 2134; baseline 0.003 -14"><span class='ocrx_word' id='word_1_324' title='bbox 99 2088 137 2119; x_wconf 80' lang='lat' dir='ltr'>in</span> <span class='ocrx_word' id='word_1_325' title='bbox 161 2091 261 2126; x_wconf 82' lang='lat' dir='ltr'>astra,</span> <span class='ocrx_word' id='word_1_326' title='bbox 285 2087 288 2132; x_wconf 88' lang='grc' dir='ltr'>Ι</span> <span class='ocrx_word' id='word_1_327' title='bbox 310 2089 486 2121; x_wconf 69' lang='lat' dir='ltr'>Chelarum</span> <span class='ocrx_word' id='word_1_328' title='bbox 510 2090 614 2130; x_wconf 78' lang='lat' dir='ltr'>suryit</span> <span class='ocrx_word' id='word_1_329' title='bbox 638 2100 713 2121; x_wconf 86' lang='lat' dir='ltr'>cum</span> <span class='ocrx_word' id='word_1_330' title='bbox 735 2100 817 2130; x_wconf 83' lang='lat' dir='ltr'>pars</span> <span class='ocrx_word' id='word_1_331' title='bbox 841 2090 1002 2121; x_wconf 84' lang='lat' dir='ltr'>uicesima</span> <span class='ocrx_word' id='word_1_332' title='bbox 1026 2094 1126 2128; x_wconf 72' lang='lat' dir='ltr'>sexta,</span> <span class='ocrx_word' id='word_1_333' title='bbox 1153 2101 1222 2131; x_wconf 84' lang='lat' dir='ltr'>qua</span> <span class='ocrx_word' id='word_1_334' title='bbox 1247 2092 1515 2132; x_wconf 85' lang='lat' dir='ltr'>transpositione</span> <span class='ocrx_word' id='word_1_335' title='bbox 1540 2103 1627 2134; x_wconf 90' lang='lat' dir='ltr'>opus</span> 
     </span>
     <span class='ocr_line' id='line_1_33' title="bbox 99 2141 1627 2185; baseline 0.003 -14"><span class='ocrx_word' id='word_1_336' title='bbox 99 2150 169 2171; x_wconf 90' lang='lat' dir='ltr'>non</span> <span class='ocrx_word' id='word_1_337' title='bbox 188 2150 260 2172; x_wconf 87' lang='lat' dir='ltr'>esse</span> <span class='ocrx_word' id='word_1_338' title='bbox 280 2141 469 2172; x_wconf 88' lang='lat' dir='ltr'>ostendunt</span> <span class='ocrx_word' id='word_1_339' title='bbox 489 2141 546 2172; x_wconf 90' lang='lat' dir='ltr'>alii</span> <span class='ocrx_word' id='word_1_340' title='bbox 565 2141 630 2172; x_wconf 91' lang='lat' dir='ltr'>loci</span> <span class='ocrx_word' id='word_1_341' title='bbox 649 2141 709 2172; x_wconf 92' lang='lat' dir='ltr'>ubi</span> <span class='ocrx_word' id='word_1_342' title='bbox 729 2141 877 2173; x_wconf 88' lang='lat' dir='ltr'>duorum</span> <span class='ocrx_word' id='word_1_343' title='bbox 897 2142 1158 2173; x_wconf 86' lang='lat' dir='ltr'>enuntiatorum</span> <span class='ocrx_word' id='word_1_344' title='bbox 1177 2142 1458 2174; x_wconf 88' lang='lat' dir='ltr'>secundariorum</span> <span class='ocrx_word' id='word_1_345' title='bbox 1478 2144 1513 2174; x_wconf 91' lang='lat' dir='ltr'>id</span> <span class='ocrx_word' id='word_1_346' title='bbox 1532 2145 1627 2185; x_wconf 91' lang='lat' dir='ltr'>prius</span> 
     </span>
     <span class='ocr_line' id='line_1_34' title="bbox 100 2192 1626 2235; baseline 0.003 -12"><span class='ocrx_word' id='word_1_347' title='bbox 100 2192 241 2232; x_wconf 87' lang='lat' dir='ltr'>ponitur</span> <span class='ocrx_word' id='word_1_348' title='bbox 263 2192 358 2233; x_wconf 90' lang='lat' dir='ltr'>quod</span> <span class='ocrx_word' id='word_1_349' title='bbox 381 2193 426 2224; x_wconf 86' lang='lat' dir='ltr'>ab</span> <span class='ocrx_word' id='word_1_350' title='bbox 450 2193 558 2224; x_wconf 87' lang='lat' dir='ltr'>altero</span> <span class='ocrx_word' id='word_1_351' title='bbox 582 2203 787 2234; x_wconf 89' lang='lat' dir='ltr'>suspensum</span> <span class='ocrx_word' id='word_1_352' title='bbox 811 2197 874 2225; x_wconf 86' lang='lat' dir='ltr'>est.</span> <span class='ocrx_word' id='word_1_353' title='bbox 922 2204 1003 2224; x_wconf 84' lang='lat' dir='ltr'>nam</span> <span class='ocrx_word' id='word_1_354' title='bbox 1027 2197 1068 2224; x_wconf 92' lang='lat' dir='ltr'>ut</span> <span class='ocrx_word' id='word_1_355' title='bbox 1091 2193 1145 2225; x_wconf 84' lang='lat' dir='ltr'>his</span> <span class='ocrx_word' id='word_1_356' title='bbox 1168 2194 1324 2225; x_wconf 87' lang='lat' dir='ltr'>uersibus</span> <span class='ocrx_word' id='word_1_357' title='bbox 1349 2194 1432 2225; x_wconf 91' lang='lat' dir='ltr'>ordo</span> <span class='ocrx_word' id='word_1_358' title='bbox 1456 2198 1509 2226; x_wconf 87' lang='lat' dir='ltr'>est</span> <span class='ocrx_word' id='word_1_359' title='bbox 1532 2205 1626 2235; x_wconf 81' lang='lat' dir='ltr'>quae,</span> 
     </span>
     <span class='ocr_line' id='line_1_35' title="bbox 99 2243 1627 2286; baseline 0.003 -12"><span class='ocrx_word' id='word_1_360' title='bbox 99 2252 174 2273; x_wconf 83' lang='lat' dir='ltr'>cum</span> <span class='ocrx_word' id='word_1_361' title='bbox 192 2253 274 2283; x_wconf 84' lang='lat' dir='ltr'>pars</span> <span class='ocrx_word' id='word_1_362' title='bbox 294 2247 411 2284; x_wconf 72' lang='lat' dir='ltr'>surqet,</span> <span class='ocrx_word' id='word_1_363' title='bbox 433 2243 536 2281; x_wconf 89' lang='lat' dir='ltr'>ducet,</span> <span class='ocrx_word' id='word_1_364' title='bbox 558 2245 608 2275; x_wconf 86' lang='lat' dir='ltr'>ita</span> <span class='ocrx_word' id='word_1_365' title='bbox 629 2244 755 2275; x_wconf 88' lang='lat' dir='ltr'>dicitur</span> <span class='ocrx_word' id='word_1_366' title='bbox 776 2244 874 2285; x_wconf 86' lang='lat' dir='ltr'>Verg.</span> <span class='ocrx_word' id='word_1_367' title='bbox 899 2244 1000 2276; x_wconf 88' lang='lat' dir='ltr'>catal.</span> <span class='ocrx_word' id='word_1_368' title='bbox 1023 2253 1063 2275; x_wconf 83' lang='lat' dir='ltr'>IX</span> <span class='ocrx_word' id='word_1_369' title='bbox 1084 2246 1126 2276; x_wconf 87' lang='grc'>25</span> <span class='ocrx_word' id='word_1_370' title='bbox 1148 2255 1197 2285; x_wconf 90' lang='lat' dir='ltr'>sq.</span> <span class='ocrx_word' id='word_1_371' title='bbox 1221 2255 1288 2276; x_wconf 79' lang='lat' dir='ltr'>non</span> <span class='ocrx_word' id='word_1_372' title='bbox 1309 2245 1380 2282; x_wconf 88' lang='lat' dir='ltr'>illa,</span> <span class='ocrx_word' id='word_1_373' title='bbox 1402 2245 1627 2286; x_wconf 85' lang='lat' dir='ltr'>Hesperidum</span> 
     </span>
     <span class='ocr_line' id='line_1_36' title="bbox 100 2293 1627 2339; baseline 0.003 -14"><span class='ocrx_word' id='word_1_374' title='bbox 100 2293 139 2324; x_wconf 82' lang='lat' dir='ltr'>ni</span> <span class='ocrx_word' id='word_1_375' title='bbox 163 2304 296 2326; x_wconf 84' lang='lat' dir='ltr'>munere</span> <span class='ocrx_word' id='word_1_376' title='bbox 320 2299 417 2335; x_wconf 87' lang='lat' dir='ltr'>capta</span> <span class='ocrx_word' id='word_1_377' title='bbox 437 2294 570 2336; x_wconf 86' lang='lat' dir='ltr'>fuisset,</span> <span class='ocrx_word' id='word_1_378' title='bbox 593 2294 597 2339; x_wconf 85' lang='grc'>1</span> <span class='ocrx_word' id='word_1_379' title='bbox 617 2306 700 2335; x_wconf 80' lang='lat' dir='ltr'>quae</span> <span class='ocrx_word' id='word_1_380' title='bbox 724 2295 889 2327; x_wconf 86' lang='lat' dir='ltr'>uolucrem</span> <span class='ocrx_word' id='word_1_381' title='bbox 915 2306 1014 2327; x_wconf 83' lang='lat' dir='ltr'>cursu</span> <span class='ocrx_word' id='word_1_382' title='bbox 1039 2296 1163 2327; x_wconf 84' lang='lat' dir='ltr'>uicerat</span> <span class='ocrx_word' id='word_1_383' title='bbox 1188 2296 1425 2336; x_wconf 78' lang='lat' dir='ltr'>Hippomenen</span> <span class='ocrx_word' id='word_1_384' title='bbox 1450 2299 1564 2338; x_wconf 83' lang='lat' dir='ltr'>(quae,</span> <span class='ocrx_word' id='word_1_385' title='bbox 1592 2299 1627 2330; x_wconf 94' lang='lat' dir='ltr'>ni</span> 
     </span>
     <span class='ocr_line' id='line_1_37' title="bbox 101 2344 1624 2393; baseline 0.003 -17"><span class='ocrx_word' id='word_1_386' title='bbox 101 2344 233 2382; x_wconf 84' lang='lat' dir='ltr'>fuisset,</span> <span class='ocrx_word' id='word_1_387' title='bbox 254 2347 410 2386; x_wconf 83' lang='lat' dir='ltr'>uicerat),</span> <span class='ocrx_word' id='word_1_388' title='bbox 432 2346 533 2388; x_wconf 89' lang='lat' dir='ltr'>Prop.</span> <span class='ocrx_word' id='word_1_389' title='bbox 555 2355 592 2377; x_wconf 85' lang='lat' dir='ltr'>rv</span> <span class='ocrx_word' id='word_1_390' title='bbox 615 2348 654 2378; x_wconf 88' lang='lat'>13</span> <span class='ocrx_word' id='word_1_391' title='bbox 678 2348 692 2378; x_wconf 95' lang='lat'>1</span> <span class='ocrx_word' id='word_1_392' title='bbox 716 2357 765 2387; x_wconf 82' lang='lat' dir='ltr'>sq.</span> <span class='ocrx_word' id='word_1_393' title='bbox 788 2346 865 2378; x_wconf 78' lang='lat' dir='ltr'>haec</span> <span class='ocrx_word' id='word_1_394' title='bbox 885 2346 1051 2378; x_wconf 76' lang='lat' dir='ltr'>Arethusa</span> <span class='ocrx_word' id='word_1_395' title='bbox 1070 2357 1129 2378; x_wconf 84' lang='lat' dir='ltr'>suo</span> <span class='ocrx_word' id='word_1_396' title='bbox 1150 2347 1250 2378; x_wconf 87' lang='lat' dir='ltr'>mittit</span> <span class='ocrx_word' id='word_1_397' title='bbox 1269 2347 1427 2379; x_wconf 84' lang='lat' dir='ltr'>mandata</span> <span class='ocrx_word' id='word_1_398' title='bbox 1446 2348 1596 2389; x_wconf 79' lang='lat' dir='ltr'>Lycotae,</span> <span class='ocrx_word' id='word_1_399' title='bbox 1621 2348 1624 2393; x_wconf 88' lang='grc' dir='ltr'>Ι</span> 
     </span>
     <span class='ocr_line' id='line_1_38' title="bbox 100 2397 1625 2442; baseline 0.003 -15"><span class='ocrx_word' id='word_1_400' title='bbox 100 2405 175 2427; x_wconf 85' lang='lat' dir='ltr'>cum</span> <span class='ocrx_word' id='word_1_401' title='bbox 194 2397 309 2428; x_wconf 86' lang='lat' dir='ltr'>totiens</span> <span class='ocrx_word' id='word_1_402' title='bbox 327 2397 427 2434; x_wconf 76' lang='lat' dir='ltr'>absis,</span> <span class='ocrx_word' id='word_1_403' title='bbox 447 2398 477 2428; x_wconf 86' lang='lat' dir='ltr'>si</span> <span class='ocrx_word' id='word_1_404' title='bbox 493 2401 585 2438; x_wconf 86' lang='lat' dir='ltr'>potes</span> <span class='ocrx_word' id='word_1_405' title='bbox 603 2408 671 2429; x_wconf 82' lang='lat' dir='ltr'>esse</span> <span class='ocrx_word' id='word_1_406' title='bbox 689 2408 781 2429; x_wconf 88' lang='lat' dir='ltr'>meus</span> <span class='ocrx_word' id='word_1_407' title='bbox 801 2399 853 2438; x_wconf 88' lang='lat' dir='ltr'>(si,</span> <span class='ocrx_word' id='word_1_408' title='bbox 874 2408 952 2429; x_wconf 89' lang='lat' dir='ltr'>cum</span> <span class='ocrx_word' id='word_1_409' title='bbox 972 2398 1074 2435; x_wconf 86' lang='lat' dir='ltr'>absis,</span> <span class='ocrx_word' id='word_1_410' title='bbox 1094 2400 1219 2439; x_wconf 90' lang='lat' dir='ltr'>potes),</span> <span class='ocrx_word' id='word_1_411' title='bbox 1241 2399 1340 2431; x_wconf 89' lang='lat' dir='ltr'>Ouid.</span> <span class='ocrx_word' id='word_1_412' title='bbox 1362 2399 1431 2431; x_wconf 89' lang='lat' dir='ltr'>her.</span> <span class='ocrx_word' id='word_1_413' title='bbox 1453 2409 1495 2431; x_wconf 83' lang='lat' dir='ltr'>m</span> <span class='ocrx_word' id='word_1_414' title='bbox 1514 2401 1556 2432; x_wconf 89' lang='grc'><strong>39</strong></span> <span class='ocrx_word' id='word_1_415' title='bbox 1575 2411 1625 2442; x_wconf 87' lang='lat' dir='ltr'>sq.</span> 
     </span>
     <span class='ocr_line' id='line_1_39' title="bbox 101 2447 1628 2492; baseline 0.003 -14"><span class='ocrx_word' id='word_1_416' title='bbox 101 2447 133 2478; x_wconf 85' lang='lat' dir='ltr'>si</span> <span class='ocrx_word' id='word_1_417' title='bbox 158 2447 218 2478; x_wconf 81' lang='lat' dir='ltr'>tibi</span> <span class='ocrx_word' id='word_1_418' title='bbox 242 2447 282 2479; x_wconf 91' lang='lat' dir='ltr'>ab</span> <span class='ocrx_word' id='word_1_419' title='bbox 308 2448 423 2480; x_wconf 87' lang='lat' dir='ltr'>Atride</span> <span class='ocrx_word' id='word_1_420' title='bbox 447 2449 553 2488; x_wconf 83' lang='lat' dir='ltr'>pretio</span> <span class='ocrx_word' id='word_1_421' title='bbox 578 2448 769 2480; x_wconf 86' lang='lat' dir='ltr'>redimenda</span> <span class='ocrx_word' id='word_1_422' title='bbox 789 2448 944 2489; x_wconf 81' lang='lat' dir='ltr'>fuissem,</span> <span class='ocrx_word' id='word_1_423' title='bbox 968 2448 971 2492; x_wconf 88' lang='grc' dir='ltr'>Ι</span> <span class='ocrx_word' id='word_1_424' title='bbox 991 2459 1074 2489; x_wconf 85' lang='lat' dir='ltr'>quae</span> <span class='ocrx_word' id='word_1_425' title='bbox 1099 2449 1177 2481; x_wconf 90' lang='lat' dir='ltr'>dare</span> <span class='ocrx_word' id='word_1_426' title='bbox 1202 2449 1368 2488; x_wconf 84' lang='lat' dir='ltr'>debueras,</span> <span class='ocrx_word' id='word_1_427' title='bbox 1396 2451 1542 2491; x_wconf 83' lang='lat' dir='ltr'>accipere</span> <span class='ocrx_word' id='word_1_428' title='bbox 1567 2452 1628 2483; x_wconf 82' lang='lat' dir='ltr'>illa</span> 
     </span>
     <span class='ocr_line' id='line_1_40' title="bbox 101 2500 1627 2541; baseline 0.003 -11"><span class='ocrx_word' id='word_1_429' title='bbox 101 2508 200 2538; x_wconf 75' lang='lat' dir='ltr'>neqas</span> <span class='ocrx_word' id='word_1_430' title='bbox 223 2500 337 2540; x_wconf 86' lang='lat' dir='ltr'>(quae,</span> <span class='ocrx_word' id='word_1_431' title='bbox 361 2500 389 2530; x_wconf 86' lang='lat' dir='ltr'>si</span> <span class='ocrx_word' id='word_1_432' title='bbox 411 2500 564 2537; x_wconf 87' lang='lat' dir='ltr'>fuissem,</span> <span class='ocrx_word' id='word_1_433' title='bbox 589 2500 782 2539; x_wconf 82' lang='lat' dir='ltr'>debueras),</span> <span class='ocrx_word' id='word_1_434' title='bbox 807 2509 831 2531; x_wconf 83' lang='lat' dir='ltr'><strong>x</strong></span> <span class='ocrx_word' id='word_1_435' title='bbox 854 2501 896 2532; x_wconf 89' lang='lat'>39</span> <span class='ocrx_word' id='word_1_436' title='bbox 919 2510 969 2541; x_wconf 88' lang='lat' dir='ltr'>sq.</span> <span class='ocrx_word' id='word_1_437' title='bbox 994 2500 1025 2531; x_wconf 87' lang='lat' dir='ltr'>si</span> <span class='ocrx_word' id='word_1_438' title='bbox 1047 2511 1114 2532; x_wconf 91' lang='lat' dir='ltr'>non</span> <span class='ocrx_word' id='word_1_439' title='bbox 1137 2500 1282 2538; x_wconf 84' lang='lat' dir='ltr'>audires,</span> <span class='ocrx_word' id='word_1_440' title='bbox 1305 2505 1342 2532; x_wconf 90' lang='lat' dir='ltr'>ut</span> <span class='ocrx_word' id='word_1_441' title='bbox 1363 2502 1477 2533; x_wconf 80' lang='lat' dir='ltr'>saltem</span> <span class='ocrx_word' id='word_1_442' title='bbox 1500 2513 1627 2535; x_wconf 84' lang='lat' dir='ltr'>cernere</span> 
     </span>
     <span class='ocr_line' id='line_1_41' title="bbox 100 2548 1625 2594; baseline 0.003 -13"><span class='ocrx_word' id='word_1_443' title='bbox 100 2559 223 2589; x_wconf 82' lang='lat' dir='ltr'>posses,</span> <span class='ocrx_word' id='word_1_444' title='bbox 246 2548 250 2593; x_wconf 72' lang='grc' dir='ltr'>Ι</span> <span class='ocrx_word' id='word_1_445' title='bbox 271 2550 408 2582; x_wconf 84' lang='lat' dir='ltr'>iactatae</span> <span class='ocrx_word' id='word_1_446' title='bbox 429 2551 491 2582; x_wconf 87' lang='lat' dir='ltr'>late</span> <span class='ocrx_word' id='word_1_447' title='bbox 511 2551 608 2591; x_wconf 72' lang='lat' dir='ltr'>siyna</span> <span class='ocrx_word' id='word_1_448' title='bbox 629 2551 740 2582; x_wconf 84' lang='lat' dir='ltr'>dedere</span> <span class='ocrx_word' id='word_1_449' title='bbox 761 2561 882 2582; x_wconf 82' lang='lat' dir='ltr'>manus</span> <span class='ocrx_word' id='word_1_450' title='bbox 903 2553 968 2591; x_wconf 92' lang='lat' dir='ltr'>(ut,</span> <span class='ocrx_word' id='word_1_451' title='bbox 990 2552 1018 2583; x_wconf 90' lang='lat' dir='ltr'>si</span> <span class='ocrx_word' id='word_1_452' title='bbox 1037 2562 1107 2583; x_wconf 90' lang='lat' dir='ltr'>non</span> <span class='ocrx_word' id='word_1_453' title='bbox 1129 2552 1275 2589; x_wconf 78' lang='lat' dir='ltr'>audires,</span> <span class='ocrx_word' id='word_1_454' title='bbox 1297 2554 1438 2594; x_wconf 87' lang='lat' dir='ltr'>posses),</span> <span class='ocrx_word' id='word_1_455' title='bbox 1460 2564 1503 2585; x_wconf 82' lang='lat' dir='ltr'>ex</span> <span class='ocrx_word' id='word_1_456' title='bbox 1524 2554 1625 2586; x_wconf 87' lang='lat' dir='ltr'>Pont.</span> 
     </span>
     <span class='ocr_line' id='line_1_42' title="bbox 103 2601 1628 2646; baseline 0.003 -14"><span class='ocrx_word' id='word_1_457' title='bbox 103 2609 116 2631; x_wconf 94' lang='lat'>1</span> <span class='ocrx_word' id='word_1_458' title='bbox 136 2601 155 2632; x_wconf 89' lang='lat'><strong>3</strong></span> <span class='ocrx_word' id='word_1_459' title='bbox 179 2602 192 2632; x_wconf 93' lang='lat'>1</span> <span class='ocrx_word' id='word_1_460' title='bbox 216 2611 266 2642; x_wconf 91' lang='lat' dir='ltr'>sq.</span> <span class='ocrx_word' id='word_1_461' title='bbox 289 2601 373 2633; x_wconf 76' lang='lat' dir='ltr'>hanc</span> <span class='ocrx_word' id='word_1_462' title='bbox 394 2602 453 2633; x_wconf 81' lang='lat' dir='ltr'>tibi</span> <span class='ocrx_word' id='word_1_463' title='bbox 473 2602 567 2633; x_wconf 88' lang='lat' dir='ltr'>Naso</span> <span class='ocrx_word' id='word_1_464' title='bbox 588 2606 664 2633; x_wconf 82' lang='lat' dir='ltr'>tuus</span> <span class='ocrx_word' id='word_1_465' title='bbox 681 2602 791 2639; x_wconf 84' lang='lat' dir='ltr'>mittit,</span> <span class='ocrx_word' id='word_1_466' title='bbox 811 2602 942 2643; x_wconf 88' lang='lat' dir='ltr'>Rufine,</span> <span class='ocrx_word' id='word_1_467' title='bbox 960 2602 1110 2640; x_wconf 86' lang='lat' dir='ltr'>salutem,</span> <span class='ocrx_word' id='word_1_468' title='bbox 1134 2601 1137 2646; x_wconf 88' lang='grc' dir='ltr'>Ι</span> <span class='ocrx_word' id='word_1_469' title='bbox 1157 2604 1215 2644; x_wconf 83' lang='lat' dir='ltr'>qui</span> <span class='ocrx_word' id='word_1_470' title='bbox 1232 2604 1331 2635; x_wconf 86' lang='lat' dir='ltr'>miser</span> <span class='ocrx_word' id='word_1_471' title='bbox 1347 2608 1403 2641; x_wconf 86' lang='lat' dir='ltr'>est,</span> <span class='ocrx_word' id='word_1_472' title='bbox 1420 2604 1483 2636; x_wconf 88' lang='lat' dir='ltr'>ulli</span> <span class='ocrx_word' id='word_1_473' title='bbox 1498 2605 1530 2636; x_wconf 80' lang='lat' dir='ltr'>si</span> <span class='ocrx_word' id='word_1_474' title='bbox 1545 2616 1628 2637; x_wconf 84' lang='lat' dir='ltr'>suus</span> 
     </span>
     <span class='ocr_line' id='line_1_43' title="bbox 101 2653 1627 2699; baseline 0.003 -16"><span class='ocrx_word' id='word_1_475' title='bbox 101 2662 168 2683; x_wconf 78' lang='lat' dir='ltr'>esse</span> <span class='ocrx_word' id='word_1_476' title='bbox 182 2656 286 2692; x_wconf 85' lang='lat' dir='ltr'>potest</span> <span class='ocrx_word' id='word_1_477' title='bbox 304 2654 356 2693; x_wconf 87' lang='lat' dir='ltr'>(si,</span> <span class='ocrx_word' id='word_1_478' title='bbox 375 2654 434 2694; x_wconf 91' lang='lat' dir='ltr'>qui</span> <span class='ocrx_word' id='word_1_479' title='bbox 452 2657 515 2690; x_wconf 89' lang='lat' dir='ltr'>est,</span> <span class='ocrx_word' id='word_1_480' title='bbox 533 2655 675 2695; x_wconf 85' lang='lat' dir='ltr'>potest),</span> <span class='ocrx_word' id='word_1_481' title='bbox 695 2654 771 2686; x_wconf 83' lang='lat' dir='ltr'>Sen.</span> <span class='ocrx_word' id='word_1_482' title='bbox 791 2653 880 2685; x_wconf 87' lang='lat' dir='ltr'>Med.</span> <span class='ocrx_word' id='word_1_483' title='bbox 900 2655 1008 2686; x_wconf 83' lang='lat'>297-9</span> <span class='ocrx_word' id='word_1_484' title='bbox 1025 2655 1132 2695; x_wconf 87' lang='lat' dir='ltr'>capite</span> <span class='ocrx_word' id='word_1_485' title='bbox 1148 2655 1356 2695; x_wconf 86' lang='lat' dir='ltr'>supplicium</span> <span class='ocrx_word' id='word_1_486' title='bbox 1373 2656 1454 2692; x_wconf 77' lang='lat' dir='ltr'>lues,</span> <span class='ocrx_word' id='word_1_487' title='bbox 1478 2654 1481 2699; x_wconf 90' lang='grc' dir='ltr'>Ι</span> <span class='ocrx_word' id='word_1_488' title='bbox 1501 2656 1627 2688; x_wconf 85' lang='lat' dir='ltr'>clarum</span> 
     </span>
     <span class='ocr_line' id='line_1_44' title="bbox 99 2703 1627 2748; baseline 0.003 -13"><span class='ocrx_word' id='word_1_489' title='bbox 99 2703 297 2744; x_wconf 80' lang='lat' dir='ltr'>priusquam</span> <span class='ocrx_word' id='word_1_490' title='bbox 319 2704 470 2736; x_wconf 77' lang='lat' dir='ltr'>Phoebus</span> <span class='ocrx_word' id='word_1_491' title='bbox 492 2705 616 2736; x_wconf 83' lang='lat' dir='ltr'>attollat</span> <span class='ocrx_word' id='word_1_492' title='bbox 638 2705 736 2742; x_wconf 87' lang='lat' dir='ltr'>diem,</span> <span class='ocrx_word' id='word_1_493' title='bbox 759 2703 763 2747; x_wconf 81' lang='grc' dir='ltr'>Ι</span> <span class='ocrx_word' id='word_1_494' title='bbox 783 2705 853 2736; x_wconf 86' lang='lat' dir='ltr'>nisi</span> <span class='ocrx_word' id='word_1_495' title='bbox 874 2705 962 2737; x_wconf 84' lang='lat' dir='ltr'>cedis</span> <span class='ocrx_word' id='word_1_496' title='bbox 987 2705 1112 2737; x_wconf 79' lang='lat' dir='ltr'>Isthmo</span> <span class='ocrx_word' id='word_1_497' title='bbox 1135 2707 1225 2747; x_wconf 87' lang='lat' dir='ltr'>(nisi,</span> <span class='ocrx_word' id='word_1_498' title='bbox 1249 2708 1451 2748; x_wconf 88' lang='lat' dir='ltr'>priusquam</span> <span class='ocrx_word' id='word_1_499' title='bbox 1474 2707 1627 2745; x_wconf 87' lang='lat' dir='ltr'>attollat,</span> 
     </span>
     <span class='ocr_line' id='line_1_45' title="bbox 102 2754 1627 2798; baseline 0.003 -12"><span class='ocrx_word' id='word_1_500' title='bbox 102 2754 218 2794; x_wconf 82' lang='lat' dir='ltr'>cedis),</span> <span class='ocrx_word' id='word_1_501' title='bbox 248 2755 350 2787; x_wconf 85' lang='lat' dir='ltr'>Mart.</span> <span class='ocrx_word' id='word_1_502' title='bbox 383 2765 422 2787; x_wconf 84' lang='lat' dir='ltr'>XI</span> <span class='ocrx_word' id='word_1_503' title='bbox 452 2757 471 2788; x_wconf 90' lang='lat'><strong>3</strong></span> <span class='ocrx_word' id='word_1_504' title='bbox 503 2758 588 2788; x_wconf 86' lang='lat'>7-10</span> <span class='ocrx_word' id='word_1_505' title='bbox 618 2766 718 2796; x_wconf 83' lang='lat' dir='ltr'>quam</span> <span class='ocrx_word' id='word_1_506' title='bbox 746 2756 895 2788; x_wconf 85' lang='lat' dir='ltr'>uicturas</span> <span class='ocrx_word' id='word_1_507' title='bbox 922 2761 1112 2797; x_wconf 85' lang='lat' dir='ltr'>poteramus</span> <span class='ocrx_word' id='word_1_508' title='bbox 1139 2768 1283 2798; x_wconf 70' lang='lat' dir='ltr'>panqere</span> <span class='ocrx_word' id='word_1_509' title='bbox 1313 2758 1452 2795; x_wconf 77' lang='lat' dir='ltr'>chartas,</span> <span class='ocrx_word' id='word_1_510' title='bbox 1472 2782 1478 2790; x_wconf 90' lang='lat'>.</span> <span class='ocrx_word' id='word_1_511' title='bbox 1499 2783 1506 2790; x_wconf 93' lang='lat'>.</span> <span class='ocrx_word' id='word_1_512' title='bbox 1527 2783 1533 2790; x_wconf 90' lang='lat'><strong>.</strong></span> <span class='ocrx_word' id='word_1_513' title='bbox 1552 2769 1627 2790; x_wconf 87' lang='lat' dir='ltr'>cum</span> 
     </span>
     <span class='ocr_line' id='line_1_46' title="bbox 100 2805 1628 2851; baseline 0.003 -14"><span class='ocrx_word' id='word_1_514' title='bbox 100 2805 161 2845; x_wconf 86' lang='lat' dir='ltr'>pia</span> <span class='ocrx_word' id='word_1_515' title='bbox 181 2806 381 2838; x_wconf 83' lang='lat' dir='ltr'>reddiderint</span> <span class='ocrx_word' id='word_1_516' title='bbox 401 2808 591 2847; x_wconf 75' lang='lat' dir='ltr'>Auqustum</span> <span class='ocrx_word' id='word_1_517' title='bbox 612 2807 755 2839; x_wconf 85' lang='lat' dir='ltr'>numina</span> <span class='ocrx_word' id='word_1_518' title='bbox 776 2808 881 2845; x_wconf 88' lang='lat' dir='ltr'>terris,</span> <span class='ocrx_word' id='word_1_519' title='bbox 904 2806 908 2851; x_wconf 72' lang='grc' dir='ltr'>Ι</span> <span class='ocrx_word' id='word_1_520' title='bbox 928 2812 957 2840; x_wconf 91' lang='lat' dir='ltr'>et</span> <span class='ocrx_word' id='word_1_521' title='bbox 979 2809 1204 2840; x_wconf 86' lang='lat' dir='ltr'>Maecenatem</span> <span class='ocrx_word' id='word_1_522' title='bbox 1225 2809 1256 2840; x_wconf 83' lang='lat' dir='ltr'>si</span> <span class='ocrx_word' id='word_1_523' title='bbox 1277 2809 1347 2846; x_wconf 85' lang='lat' dir='ltr'>tibi,</span> <span class='ocrx_word' id='word_1_524' title='bbox 1373 2809 1490 2846; x_wconf 78' lang='lat' dir='ltr'>Roma,</span> <span class='ocrx_word' id='word_1_525' title='bbox 1512 2809 1628 2842; x_wconf 82' lang='lat' dir='ltr'>darent</span> 
     </span>
     <span class='ocr_line' id='line_1_47' title="bbox 102 2858 1626 2901; baseline 0.003 -12"><span class='ocrx_word' id='word_1_526' title='bbox 102 2858 156 2897; x_wconf 79' lang='lat' dir='ltr'>(si,</span> <span class='ocrx_word' id='word_1_527' title='bbox 181 2869 259 2889; x_wconf 87' lang='lat' dir='ltr'>cum</span> <span class='ocrx_word' id='word_1_528' title='bbox 282 2858 505 2897; x_wconf 83' lang='lat' dir='ltr'>reddiderint,</span> <span class='ocrx_word' id='word_1_529' title='bbox 530 2859 679 2899; x_wconf 90' lang='lat' dir='ltr'>darent),</span> <span class='ocrx_word' id='word_1_530' title='bbox 704 2859 852 2901; x_wconf 80' lang='lat' dir='ltr'>denique</span> <span class='ocrx_word' id='word_1_531' title='bbox 876 2859 967 2891; x_wconf 88' lang='lat' dir='ltr'>Man.</span> <span class='ocrx_word' id='word_1_532' title='bbox 994 2869 1031 2891; x_wconf 83' lang='lat' dir='ltr'>IV</span> <span class='ocrx_word' id='word_1_533' title='bbox 1055 2861 1163 2892; x_wconf 87' lang='lat'>553-5</span> <span class='ocrx_word' id='word_1_534' title='bbox 1187 2860 1348 2901; x_wconf 80' lang='lat' dir='ltr'>Scorpius</span> <span class='ocrx_word' id='word_1_535' title='bbox 1372 2865 1528 2893; x_wconf 76' lang='lat' dir='ltr'>extremae</span> <span class='ocrx_word' id='word_1_536' title='bbox 1552 2872 1626 2893; x_wconf 85' lang='lat' dir='ltr'>cum</span> 
     </span>
    </p>
   </div>
  </div>
 </body>
</html>
