1855 3088
538 118 728 160 LIBRO
761 118 810 158 ΙΙ
841 115 1147 159 ADDENDA
1526 115 1603 153 141

122 232 186 264 3¹7⁹!
209 230 288 261 uide
304 239 393 270 quae
409 229 454 260 ad
470 237 507 260 IV
523 229 588 260 448
604 231 639 260 et
655 238 746 260 nunc
763 228 808 259 ad
825 237 838 258 Ι
855 228 918 259 846
935 227 1112 259 adnotaui.

122 283 185 314 379
210 280 309 313 Ouid.
326 281 396 312 her.
414 289 452 311 1v
469 281 531 312 138
545 283 678 319 coqnato
694 279 838 315 nomine,
855 279 1079 320 cognationis,
1096 278 1131 309 in
1146 277 1304 318 priuigno
1320 279 1355 308 et
1370 286 1528 308 nouerca.

123 334 186 365 380
209 331 282 373 lege
300 332 307 344 ‘
322 331 403 362 Luc.
422 340 445 361 v
462 332 521 363 691
541 330 737 361 committere
753 330 814 361 GV
830 341 892 371 pro
908 329 994 370 qaod
1010 328 1156 360 mittere.'

121 385 185 417 386
207 392 394 414 consensus.
453 381 615 414 C.C.A.G.
648 390 716 412 VIII
748 382 783 412 iv
818 391 851 422 p.
886 382 951 412 226
985 382 1006 411 4
1041 381 1224 417 συμπαθεΐσ
1259 380 1338 410 εἰσὶν
1374 380 1400 409 οἱ
1435 377 1504 409 κατ’
1538 378 1607 409 ἴσον

75 435 257 474 ἀπέχοντεσ·
280 434 443 474 (ἀστέρεσ)
469 432 538 464 κατ’
564 434 771 473 ἐπιθεώρησιν
799 433 948 470 ἀλλήλων
977 434 1155 471 σύμφωνοι·
1183 431 1387 468 ἀσυμπαθεῖσ
1412 431 1446 461 δὲ
1473 431 1501 460 οἰ
1528 430 1609 460 κατὰ

74 487 196 525 μηδένα
234 486 351 526 τρόπον
388 486 636 525 ἐπιθεωροῦντεσ
675 486 850 522 ἀλλήλουσ,
888 485 965 523 ὅπερ
1000 484 1123 522 ’γίνεται
1162 485 1196 513 ἐκ
1232 483 1296 520 τῆσ
1332 483 1394 512 τῶν
1429 482 1608 511 ἀσυνδέτων

75 538 191 577 ζῳδίων
223 537 461 577 ἀποστροφίασ·
494 537 580 567 ἐστὶν
613 537 646 566 δὲ
677 537 834 566 ἀσύνδετα
864 536 903 566 τὰ
934 534 1008 574 παρ’
1036 535 1168 574 ἑκάτερα
1200 535 1269 564 κτλ.
1320 535 1472 563 ceterum
1499 531 1608 563 conici

76 590 193 629 potest
215 587 313 624 abest,
337 587 397 618 sed
419 586 506 618 hebet
529 587 637 628 magis
659 587 837 628 proprium
860 588 913 617 est
935 588 971 616 et
993 585 1122 626 passim
1145 585 1180 615 in
1203 583 1295 615 habet
1319 585 1507 619 mutatum,
1525 581 1605 614 uide

77 638 232 671 Cortium
248 638 294 670 ad
309 638 391 670 Luc.
410 647 438 669 11
454 639 528 670 722.

122 691 185 723 387
200 688 237 721 in
253 698 288 721 se
304 688 407 720 ducta
422 687 450 720 G
466 692 507 720 ut
522 691 618 730 puto.

122 743 184 774 391
211 740 218 753 ‘
232 740 405 772 habentur
421 739 602 771 commoda
618 740 654 771 in
669 739 781 771 nullas
798 739 887 770 uires
904 737 911 752 ’
929 738 1043 770 italice
1059 736 1289 779 imprimenda
1305 738 1413 768 erant.

121 794 185 825 394
208 791 387 832 adsumpto
403 791 476 829 LM,
494 799 563 822 ass·
581 789 661 822 GL2.

122 845 185 876 410
209 842 298 874 adde
314 851 337 873 v
356 843 429 879 127,
446 843 554 873 etiam
569 851 583 873 1
600 842 674 873 890.

123 896 187 927 412
208 903 321 934 yenere
343 904 382 924 ex
403 893 510 924 simili
532 893 830 934 Wageningenus:
867 895 905 924 at
926 892 1058 933 generis
1080 891 1152 922 siue
1175 900 1276 922 sexus
1299 888 1489 921 similitudo
1511 888 1607 921 nulla

77 948 141 982 est,
157 945 217 985 qui
233 948 295 976 aut
310 945 401 976 idem
416 947 469 976 est
484 947 546 976 aut
561 944 727 976 diuersus.
776 945 839 975 655
855 943 1000 975 eiusdem
1014 942 1141 983 qeneris
1156 941 1300 982 siynam.

123 998 187 1029 420
211 995 341 1028 Colum.
360 1004 386 1026 x
404 997 510 1027 150—4
526 995 557 1026 si
573 1020 579 1026 .
597 1019 604 1027 .
622 1019 629 1026 .
643 995 747 1035 positi
762 995 830 1026 sint
847 994 982 1026 collibus
999 994 1084 1025 horti
1100 993 1308 1033 (cauendum
1324 1002 1397 1024 esse
1412 1001 1456 1023 ne
1471 990 1607 1032 planta)

77 1047 195 1079 sitiens
211 1046 377 1078 exhorreat
393 1050 514 1078 aestus.
562 1049 715 1078 ceterum
731 1045 832 1077 Mart.
852 1055 904 1077 vn
923 1047 962 1077 13
981 1047 995 1076 1
1015 1044 1139 1076 solibus
1154 1047 1188 1085 β,
1205 1043 1342 1075 collibus
1357 1055 1390 1083 7.

121 1100 185 1132 421
211 1098 356 1129 Breiteri
390 1098 623 1129 coniecturam
657 1108 814 1137 aequans,
850 1107 956 1138 quam
990 1097 1164 1127 mentione
1198 1106 1268 1127 non
1302 1095 1465 1136 dignatus
1499 1103 1608 1130 eram,

77 1149 206 1191 recepit
226 1149 515 1190 Wageningenus,
537 1152 577 1180 ut
597 1150 672 1180 sitis
693 1152 728 1180 et
748 1148 853 1180 sudor
873 1152 908 1180 et
928 1158 997 1179 nox
1017 1147 1142 1188 frigida
1163 1147 1305 1178 brumae
1325 1146 1455 1187 pariter
1474 1145 1608 1176 aestiua

79 1203 193 1232 essent
209 1212 217 1238 ;
243 1203 319 1232 tum
331 1201 501 1232 incertum
513 1199 670 1241 uigilans,
684 1211 704 1231 a
716 1210 836 1231 somno
848 1199 1041 1240 languidus,
1057 1199 1064 1211 ‘
1078 1199 1224 1230 fortasse
1235 1198 1290 1229 hic
1302 1207 1420 1229 uersus
1430 1195 1610 1238 ponendus

77 1255 130 1284 est
146 1255 228 1284 ante
244 1262 276 1283 u.
295 1253 359 1283 420
375 1251 394 1282 '.

123 1305 188 1336 422
210 1313 339 1334 annum
355 1313 417 1344 pro
433 1312 545 1333 annus
561 1303 597 1333 in
612 1301 679 1333 fine
696 1313 814 1334 uersus
831 1302 964 1333 codices
980 1302 1087 1333 etiam
1103 1309 1146 1332 [Π
1162 1302 1236 1332 547.

123 1356 187 1387 423
210 1355 246 1385 in
260 1354 473 1385 Matritensis
488 1353 675 1395 exemplari
689 1354 835 1385 fortasse
850 1353 918 1384 fuit
932 1361 1000 1384 neu
1014 1352 1146 1389 mirere,
1162 1352 1198 1383 in
1213 1352 1287 1393 ipso
1302 1361 1372 1382 non
1386 1352 1449 1382 est.

125 1407 189 1438 429
209 1405 396 1445 permixtus
424 1405 610 1442 Garrodus,
640 1408 680 1436 ut
708 1405 792 1436 ordo
820 1405 866 1436 sit
894 1408 1040 1444 tempora
1067 1403 1241 1435 concordia
1266 1402 1513 1443 permixtusque
1539 1400 1611 1433 dies

79 1457 224 1498 efficiunt
246 1467 308 1497 quo
331 1456 445 1487 minus
464 1456 620 1487 decertent
638 1455 748 1487 sidera
762 1468 770 1493 ;
803 1456 839 1487 in
857 1465 927 1496 qua
945 1455 1102 1492 lectione,
1122 1457 1366 1496 praeterquam
1384 1452 1480 1494 quod
1498 1453 1611 1484 minus

79 1511 184 1549 aptus
202 1511 254 1539 est
272 1507 453 1548 singularis
471 1517 645 1544 numerus,
664 1510 783 1539 manet
801 1507 896 1548 quod
914 1507 951 1538 in
970 1506 1088 1538 Iacobi
1106 1506 1392 1547 interpretatione
1410 1503 1612 1536 coemebat

83 1558 340 1596 offendiculum,
359 1569 419 1590 uer
435 1561 570 1590 aestum
587 1561 622 1590 et
639 1561 828 1590 autumnus
845 1558 993 1590 hiemem
1005 1567 1153 1594 seruans,
1168 1556 1352 1588 accedente
1368 1556 1475 1587 etiam
1491 1554 1610 1592 altero,

80 1610 176 1651 quod
195 1610 263 1641 duo
283 1613 442 1651 tempora
461 1620 531 1641 uno
550 1613 707 1651 tempore
725 1613 913 1650 utrumque
932 1612 1070 1650 tempus
1090 1618 1225 1640 seruare
1245 1607 1419 1644 dicuntur,
1442 1606 1450 1620 ‘
1464 1606 1524 1639 the
1542 1605 1611 1638 like

80 1664 219 1694 texture
238 1661 273 1693 of
290 1661 381 1693 their
398 1664 467 1693 two
485 1671 623 1692 seasons
639 1685 645 1693 .
663 1685 670 1693 .
688 1685 695 1692 .
711 1661 908 1702 preserving
927 1660 1013 1692 both
1031 1670 1168 1692 seasons
1186 1660 1222 1691 in
1239 1659 1330 1691 their
1347 1669 1424 1691 own
1441 1667 1564 1690 season
1577 1657 1586 1671 ’
1602 1669 1610 1693 ς

80 1715 121 1745 ut
141 1723 212 1744 non
234 1712 379 1744 tollatur
402 1722 520 1744 uersus
543 1713 607 1744 430
631 1712 821 1753 corrigendi
842 1712 1036 1744 necessitas.
1084 1711 1233 1743 fortasse
1257 1710 1327 1742 fuit
1350 1720 1417 1741 uno
1440 1708 1615 1741 seruantia

77 1764 243 1805 utrimque
263 1767 383 1801 tenore,
401 1764 465 1795 hoc
487 1766 540 1795 est
561 1767 710 1805 tempora
730 1763 906 1795 concordia
924 1763 1169 1804 permixtosque
1187 1762 1258 1793 dies
1279 1760 1453 1793 seruantia
1469 1759 1614 1802 efficiunt

79 1826 143 1856 quo
159 1815 274 1846 minus
290 1814 402 1846 sidera
418 1814 586 1846 decertent.

131 1867 195 1899 430
218 1865 307 1897 adde
320 1865 464 1897 Curt.1v
478 1867 497 1898 7
513 1867 551 1897 17
565 1875 666 1897 uerno
677 1865 791 1906 tepori,
804 1865 890 1897 Plin.
902 1866 971 1897 n.h.
985 1873 1064 1896 xvn
1073 1866 1137 1896 222
1148 1874 1249 1896 uerno
1260 1867 1366 1904 tepore
1376 1863 1434 1904 (al.
1446 1863 1612 1903 tempore),

79 1917 155 1949 Sen.
179 1917 268 1949 Η.Ο.
294 1918 377 1948 1576
397 1927 472 1948 uere
487 1941 494 1949 .
512 1941 518 1949 .
536 1941 543 1948 .
560 1917 693 1957 tepenti,
713 1917 809 1948 anth.
832 1916 908 1948 Lat.
932 1916 1022 1948 Ries.
1044 1917 1108 1948 576
1130 1917 1144 1947 1
1168 1925 1243 1947 uere
1259 1917 1363 1956 tepet.
1381 1938 1388 1946 .
1405 1938 1413 1946 .
1429 1924 1495 1952 aer,
1512 1915 1575 1946 577
1595 1915 1609 1945 1

80 1968 170 2000 ueris
185 1993 192 2000 .
209 1992 216 2000 .
234 1992 241 2000 .
258 1967 370 2008 tepidi.

125 2021 190 2053 432
212 2019 272 2051 erit
295 2019 417 2051 eadem
440 2020 693 2061 significatione
716 2028 759 2050 ΠΙ
778 2020 830 2057 88,
850 2028 872 2051 v
898 2020 956 2051 161
975 2031 984 2057 ;
1015 2019 1122 2051 etiam
1144 2019 1180 2050 in
1203 2018 1326 2060 spuriis
1349 2026 1363 2049 1
1386 2018 1461 2055 663,
1485 2025 1514 2048 Π
1535 2017 1612 2054 284,

79 2071 154 2103 286.

127 2124 190 2155 433
215 2121 346 2153 Colum.
362 2130 375 2153 1
388 2123 407 2153 8
423 2123 436 2153 l
450 2121 607 2162 proxima
619 2125 665 2153 est
676 2132 756 2154 cura
768 2121 806 2153 de
818 2121 935 2153 seruis.
984 2121 1026 2153 de
1038 2121 1196 2162 sequenti
1208 2120 1381 2152 infinitiuo
1393 2129 1522 2152 noscere
1534 2119 1613 2151 uide

82 2174 147 2205 926
163 2172 241 2205 haec
257 2172 367 2210 tutela,
384 2197 391 2204 .
408 2197 415 2204 .
433 2197 440 2204 .
456 2183 593 2204 mouere.

126 2226 190 2258 435
213 2224 350 2256 relatiui
366 2224 532 2265 exemplis
548 2224 636 2256 adde
652 2224 751 2265 Verg.
770 2224 854 2256 Aen.
873 2233 913 2255 1x
929 2225 1056 2256 269-71
1076 2223 1206 2260 uidisti,
1223 2233 1286 2263 quo
1305 2222 1443 2254 Turnus
1458 2231 1538 2263 equo
1553 2246 1560 2254 .
1577 2245 1585 2253 .
1601 2245 1610 2254 .

81 2275 149 2307 ibat
164 2299 171 2306 .
189 2299 196 2307 .
213 2299 221 2307 .
254 2284 264 2306 :
292 2275 406 2316 ipsum
421 2275 518 2306 illum
532 2299 539 2307 .
557 2299 564 2307 .
582 2299 589 2307 .
605 2275 781 2315 excipiam,
798 2275 864 2307 Cic.
882 2275 925 2307 de
940 2286 1010 2306 sen.
1030 2276 1069 2306 12
1085 2274 1172 2306 nihil
1187 2273 1421 2306 admirabilius
1437 2273 1611 2314 (cognoui)

80 2336 181 2367 quam
198 2336 261 2367 quo
279 2326 374 2358 modo
393 2326 448 2358 ille
471 2330 605 2358 mortem
620 2326 692 2367 filii
716 2326 801 2364 tulit,
821 2327 884 2367 leg.
906 2337 975 2367 agr.
996 2335 1025 2357 Π
1043 2327 1085 2358 49
1102 2325 1268 2367 patefacio
1284 2349 1291 2356 .
1310 2349 1317 2356 .
1335 2349 1342 2356 .
1358 2335 1441 2365 quas
1466 2323 1612 2356 insidias

81 2387 116 2409 se
128 2377 282 2418 posuisse
296 2377 509 2414 arbitrantur,
527 2377 651 2418 (Seru.)
667 2378 749 2409 fam.
766 2387 804 2409 IV
819 2379 839 2409 5
854 2379 874 2408 4
887 2388 970 2418 quae
982 2388 1032 2408 res
1048 2377 1133 2408 mihi
1147 2401 1155 2408 .
1173 2401 1179 2408 .
1197 2401 1204 2408 .
1220 2375 1475 2408 consolationem
1489 2375 1610 2412 attulit,

81 2428 157 2460 uolo
174 2428 234 2460 tibi
250 2439 509 2467 commemorare,
528 2429 604 2461 Sen.
624 2439 676 2471 ep.
698 2430 757 2460 121
777 2430 819 2461 20
836 2429 956 2466 dicam,
974 2439 1037 2469 quo
1054 2428 1147 2460 modo
1164 2438 1259 2459 omne
1275 2426 1404 2459 animal
1419 2426 1610 2468 perniciosa

82 2479 264 2520 intelleyere
279 2483 424 2511 conatur.

128 2533 280 2564 439-447
302 2530 490 2563 Mercurius
505 2534 542 2563 et
556 2531 663 2563 Vesta
678 2532 714 2562 in
729 2531 859 2573 hymno
875 2531 1059 2563 Homerico
1076 2540 1169 2562 XXIX
1184 2530 1359 2562 coniuncti
1374 2529 1611 2567 inueniuntur,

80 2582 187 2614 etiam
203 2582 303 2614 Paus.
321 2591 345 2614 V
366 2584 402 2614 ll
429 2584 449 2614 8
473 2584 589 2623 Χάρισ,
616 2584 740 2621 ταυτῆσ·
764 2585 797 2614 δὲ
817 2583 940 2623 Ἐρμῆσ
964 2584 1084 2623 ἔχεται,
1111 2585 1166 2614 τοῦ
1186 2582 1302 2623 Ἑρμοῦ
1326 2583 1359 2613 δὲ
1381 2581 1506 2620 Ἐστία,
1531 2582 1613 2620 μετὰ

83 2634 116 2664 δὲ
132 2635 190 2672 τὴν
202 2632 334 2665 Ἑστίαν
346 2634 455 2674 Ἔρωσ
473 2635 569 2666 ἐστίν.

128 2686 191 2717 441
215 2683 295 2725 rigis
311 2684 348 2716 L.

130 2737 194 2768 445
218 2735 402 2767 dicendum
425 2738 488 2773 est,
513 2736 678 2777 quoniam
702 2747 723 2767 a
746 2736 955 2777 quibusdam
978 2737 1038 2778 qui
1061 2736 1147 2768 alios
1170 2735 1292 2767 docere
1315 2734 1440 2766 uolunt
1463 2734 1612 2775 ignorari

84 2785 196 2823 uideo,
220 2786 466 2828 Capricornum
488 2787 542 2818 hic
565 2790 600 2818 et
623 2795 636 2818 1
658 2788 719 2819 271
745 2790 928 2829 propterea
946 2791 1124 2828 anqustum
1143 2787 1259 2819 uocari
1277 2787 1360 2827 quia
1379 2786 1507 2818 iustam
1525 2785 1613 2826 signi

86 2846 294 2875 mensuram,
312 2846 391 2869 xxx
407 2840 522 2880 partes
539 2838 680 2876 zodiaci,
698 2849 765 2870 non
783 2839 908 2880 explet.
