1855 3088
534 122 725 164 LIBRO
758 121 824 163 IV
855 121 1161 163 ADDENDA
1537 122 1616 160 159

128 235 191 266 619
214 243 264 273 sq.
314 232 410 273 Verg.
429 241 541 272 georg.
560 240 588 262 11
607 232 668 262 145
685 241 735 271 sq.
754 231 802 262 sio
819 231 937 271 scripti
954 233 1035 261 sunt
1052 231 1087 261 in
1105 230 1264 261 Palatino
1280 241 1286 261 ε

346 303 423 334 hinc
440 302 509 334 albi
527 302 733 342 elitumquus
749 312 865 341 campo
882 312 950 332 sese
966 301 1092 332 arduus
1110 300 1208 341 infert

346 353 422 385 hinc
440 353 681 385 bellatoremoze
696 363 804 393 [sreqes
820 356 848 384 et
865 353 1013 384 maxima
1030 356 1155 383 taurus

127 427 191 459 632
214 425 272 463 Sil.
296 434 360 456 XIV
383 425 445 456 194
466 434 516 465 sq.
540 423 732 456 incumbens
754 423 912 455 Messe-na
926 423 1012 464 freto
1036 422 1275 463 minimumque
1296 421 1429 454 reuulsa
1451 420 1455 464 Ι
1475 421 1614 453 discreta

82 476 196 508 Italia.

125 529 190 561 634
212 528 303 558 crete
325 525 425 557 Bodl.
475 528 629 557 ceterum
651 525 740 557 adde
761 525 842 556 Luc.
867 533 905 556 VI
925 525 989 557 405
1001 524 1234 565 fortunacibus
1252 534 1313 565 pro
1325 523 1531 564 fornacibus,
1550 524 1614 554 479

79 578 315 610 dimaduertere
331 587 394 618 pro
410 576 612 613 dimaduere,
630 585 683 608 V11
698 577 758 608 301
775 575 897 616 populi
910 586 972 617 pro
985 575 1068 616 poli,
1084 577 1147 607 370
1163 575 1360 606 criminibus
1376 585 1438 615 pro
1452 574 1612 609 crinibus,

80 638 147 661 VIII
166 630 208 661 26
225 629 387 669 pontificu
404 639 467 670 pro
484 628 630 668 pontica,
650 627 712 660 163
732 627 867 658 inuidia
886 637 948 668 pro
970 627 1079 664 inuia,
1104 628 1166 658 257
1189 626 1363 658 ciuilicum
1384 637 1446 667 pro
1468 625 1615 663 cilicum,

79 682 143 713 304
159 680 350 720 stripudula
366 690 428 721 pro
444 679 597 716 stridula,
616 680 679 710 645
697 679 862 719 inqeueris
878 689 940 720 pro
957 678 1090 718 inyeris.

126 734 189 765 637
211 732 358 763 fortasse
383 734 488 771 totque
512 730 639 762 minore
663 730 731 761 solo
756 733 866 761 tamen
889 730 1085 770 emerqentia
1107 732 1209 770 ponto
1231 728 1235 772 Ι
1255 728 1353 760 litora
1377 732 1405 760 et
1437 728 1611 768 aequali,

78 783 143 814 hoc
165 785 218 814 est
239 792 361 823 aequo,
385 785 426 814 ut
447 791 485 813 1V
507 782 571 814 326
593 781 745 822 aequales
767 781 854 813 luces
876 780 1082 812 brumalibus
1103 780 1241 818 umbris,
1264 780 1331 813 Cic.
1357 783 1443 811 orat.
1470 781 1533 811 188
1555 783 1612 811 aut

78 833 247 875 aequalem
261 858 268 866 .
285 858 293 865 .
310 858 317 866 .
334 837 392 865 aut
406 857 414 865 .
431 857 439 865 .
457 857 463 865 .
480 833 648 865 maiorem.

124 887 189 918 644
212 885 400 917 Phanocles
417 884 512 917 Stob.
531 884 590 916 ecl.
609 893 647 915 IV
662 885 704 916 20
720 885 761 915 47
778 884 820 915 22
837 884 957 924 (Heus.
976 883 1043 915 uol.
1061 892 1099 914 1V
1115 893 1147 924 p.
1165 884 1241 920 461,
1259 882 1370 914 Diehl.
1388 883 1484 914 anth.
1502 882 1565 923 lyr.
1584 890 1612 913 11

76 947 110 979 p.
127 937 203 975 226,
221 936 356 968 Powell.
376 936 506 968 collect.
525 936 622 967 Alex.
640 946 673 977 p.
694 937 769 975 107)
786 937 905 976 Φόρκου
921 937 1057 974 στυγνὸν
1075 936 1200 966 ἔπειθεν
1219 937 1298 974 ὕδωρ
1314 934 1402 976 (lyra
1421 934 1572 975 Orphei).

123 990 187 1021 663
210 987 332 1029 infesta
354 987 470 1029 Fayus
493 987 539 1018 ad
561 991 707 1018 monstra
729 997 836 1028 quam
859 986 904 1018 ad
926 990 1048 1018 natura
1071 986 1195 1018 referre
1218 985 1353 1023 maluit,
1377 985 1472 1026 quod
1495 984 1611 1025 aliquo

77 1039 181 1071 modo
197 1039 438 1071 commendare
455 1039 594 1070 uidetur
610 1038 708 1069 Luer.
728 1047 751 1069 V
767 1039 898 1070 218—20
916 1048 1037 1078 yeuus
1058 1037 1257 1078 horriferum
1278 1041 1373 1068 uatu
1381 1047 1422 1068 ra
1433 1036 1582 1077 ferarum
1605 1034 1609 1079 Ι

78 1090 243 1122 humanae
258 1090 347 1130 yeuti
363 1090 376 1121 i
382 1100 405 1121 u
405 1090 514 1131 festu
522 1100 554 1120 m
570 1093 716 1130 terraque
735 1089 883 1130 marique
904 1087 908 1132 Ι
928 1099 986 1121 cur
1004 1089 1065 1120 alit
1083 1092 1178 1130 atque
1196 1092 1291 1129 auqet
1305 1088 1320 1119 ?

122 1143 186 1175 668
208 1152 271 1183 pro
290 1140 419 1173 ‘GLM'
437 1141 510 1182 lege
529 1141 626 1172 ‘libri
639 1140 658 1172 ⁷.

123 1195 187 1227 677
210 1193 304 1225 Seru.
329 1202 441 1234 georg.
466 1201 504 1224 IV
526 1193 591 1224 516
617 1192 747 1224 Tanais
763 1192 909 1233 fluuius,
933 1192 991 1232 qui
1013 1191 1137 1223 diuidit
1160 1191 1282 1223 Asiam
1303 1191 1343 1223 ab
1368 1190 1517 1231 Europa.
1566 1193 1612 1221 est

77 1247 189 1276 autem
204 1243 367 1284 Scythiae.

124 1297 187 1329 678
211 1295 298 1327 Plin.
316 1295 386 1326 n.h.
405 1303 443 1326 VI
462 1296 475 1326 1
496 1294 588 1326 lacus
606 1293 748 1326 Maeotii
764 1304 855 1326 nom.
874 1294 961 1336 plur.

122 1349 186 1380 679
209 1346 432 1387 Propontidos
456 1346 612 1388 patronis
637 1346 893 1387 Wageningeno
918 1349 953 1377 et
977 1345 1111 1377 Marxio
1137 1345 1312 1387 neglectus
1338 1348 1469 1376 maeret
1494 1354 1613 1376 uersus

78 1406 106 1430 ΙΙ
122 1399 187 1430 520
203 1397 286 1439 quin
302 1397 444 1429 aduersa
459 1400 569 1429 meant
585 1397 685 1429 etiam
701 1399 830 1437 triqona
846 1398 994 1437 triqonis.

123 1451 186 1483 689
209 1449 368 1481 similiter
384 1452 547 1481 truncato
565 1449 671 1480 uerbo
689 1449 771 1480 laeis
788 1448 821 1480 U
838 1459 899 1490 pro
917 1448 1061 1480 Pellaeis
1079 1448 1160 1479 Luc.
1181 1457 1205 1479 x
1223 1449 1297 1479 511.

123 1503 187 1534 716
210 1500 297 1532 Plin.
318 1501 388 1532 n.h.
410 1509 543 1532 XXXVII
564 1501 626 1532 125
646 1500 760 1531 uicino
775 1524 782 1531 .
800 1524 807 1531 .
825 1524 832 1532 .
848 1499 961 1537 colore,
983 1499 1076 1531 Seru.
1099 1499 1183 1531 Aen.
1206 1508 1245 1530 IX
1265 1500 1329 1531 579
1348 1499 1466 1530 coloris
1481 1523 1488 1530 .
1506 1523 1513 1530 .
1531 1523 1538 1530 .
1555 1499 1614 1539 qui

75 1552 212 1584 uicinus
242 1555 288 1584 est
316 1562 489 1593 purpurae
519 1551 705 1592 subnigrae.
754 1551 842 1583 Plat.
872 1552 959 1583 Tim.
991 1553 1052 1583 680
1081 1553 1197 1592 πυρρὸν
1227 1553 1342 1590 ξανθοῦ
1372 1564 1406 1582 τε
1438 1553 1489 1582 καὶ
1521 1554 1614 1590 φαιοῦ

76 1605 183 1645 κράσει
200 1606 357 1644 -γί-γνεται.

122 1657 186 1689 719
209 1655 298 1687 adde
322 1654 399 1687 Sen.
426 1654 515 1687 H.O.
544 1656 606 1686 830
631 1664 681 1695 sq.
708 1654 854 1695 corporis
876 1654 972 1694 palla
996 1654 1123 1685 horridi
1144 1652 1148 1698 Ι
1166 1664 1248 1694 pars
1272 1657 1318 1685 est
1342 1657 1371 1685 et
1395 1654 1483 1694 ipsa,
1509 1654 1612 1685 uestis

77 1706 238 1738 immiscet
250 1709 365 1744 cutem,
381 1706 445 1738 hoe
459 1709 511 1737 est
525 1716 560 1737 se
574 1707 645 1737 cuti
658 1707 838 1737 immiscet.
887 1709 1040 1737 ceterum
1054 1706 1329 1747 Wageningenus
1342 1716 1445 1746 oenus
1458 1706 1610 1737 retinens

76 1757 263 1789 Gradiuum
280 1758 530 1799 interpretatur
551 1757 558 1770 ‘
573 1767 675 1788 suum
690 1757 710 1794 ',
730 1757 825 1798 quod
843 1767 969 1788 nomen
988 1767 1057 1788 non
1076 1757 1207 1798 pudore
1226 1758 1261 1788 in
1280 1757 1391 1788 indice
1411 1757 1527 1788 omisit
1551 1757 1611 1788 sed

75 1809 282 1850 typothetae
298 1809 424 1840 mendo
441 1808 534 1850 apud
551 1808 687 1849 Fayum
703 1809 878 1849 deeeptus.

121 1862 185 1894 723
209 1860 298 1892 adde
325 1860 458 1892 Paulin.
487 1859 611 1891 Nolan.
641 1870 744 1891 carm.
773 1860 816 1891 28
843 1860 907 1891 249
934 1869 984 1901 sq.
1013 1859 1216 1900 Aethiopum
1239 1859 1405 1900 populos.
1423 1884 1430 1891 .
1448 1884 1455 1891 .
1471 1859 1612 1891 crimine

76 1911 294 1944 nocticolores.

121 1965 185 1996 729
208 1962 396 1995 secundam
418 1961 648 1994 Mauritaniae
671 1962 743 1994 siue
766 1962 1003 1994 Mauretaniae
1026 1962 1198 2003 syllabam
1220 1962 1359 2003 longam
1382 1973 1465 2000 esse,
1490 1963 1518 1993 si
1542 1972 1612 1994 non

76 2024 118 2046 ex
143 2014 208 2046 hoe
233 2024 334 2045 uersu
360 2016 545 2051 constaret,
572 2014 681 2045 conici
706 2017 823 2055 posset
847 2024 890 2045 ex
914 2013 1101 2045 Lusitanus
1126 2014 1222 2046 anth.
1251 2013 1327 2045 Lat.
1356 2014 1448 2046 Ries.
1475 2014 1540 2046 409
1568 2015 1606 2045 ll

76 2065 240 2106 (Senecae
262 2068 303 2097 ut
326 2065 477 2104 uidetur)
502 2068 538 2097 et
560 2065 640 2097 inde
663 2065 758 2106 quod
779 2065 834 2097 hic
857 2065 927 2096 illic
949 2065 986 2097 in
1009 2065 1184 2097 codicibus
1207 2065 1345 2097 Graecis
1369 2078 1400 2103 η,
1424 2075 1610 2106 nusquam,

76 2120 249 2158 quantum
273 2117 353 2154 scio,
379 2129 392 2148 ε
417 2117 585 2158 scriptum
612 2119 674 2148 est.
722 2127 763 2148 ea
790 2127 850 2148 cur
874 2116 993 2148 Ellisio
1017 2119 1109 2148 noct.
1135 2116 1227 2148 Man.
1254 2127 1286 2157 p.
1315 2118 1377 2148 145
1403 2116 1515 2148 breuis
1540 2127 1612 2148 esse

76 2168 200 2200 debere
215 2169 291 2200 uisa
306 2168 352 2200 sit
366 2168 481 2200 neseio
497 2180 503 2200 :
534 2168 618 2199 scire
634 2168 798 2199 uidentur
814 2167 988 2200 Garrodus
1004 2168 1049 2199 ad
1064 2176 1092 2199 Π
1108 2169 1172 2200 926
1189 2171 1224 2199 et
1241 2167 1526 2209 Wageningenus.

122 2222 185 2254 750
208 2230 330 2261 papyr.
361 2219 472 2251 Berol.
508 2220 626 2256 11521,
656 2219 807 2251 Pfeifferi
834 2219 965 2250 Gallim.
995 2219 1080 2260 frag.
1113 2229 1171 2260 pp.
1205 2220 1244 2251 13
1272 2229 1336 2260 sq.,
1358 2219 1504 2260 Ὄμηροσ
1531 2220 1611 2251 ἐπὰν

74 2273 155 2312 λέγῃ
171 2270 297 2303 Ἰάονεσ
317 2272 543 2302 ἑλκεσίπεπλοι
563 2273 639 2302 τοὺσ
656 2270 847 2309 Ἀθηναίουσ
865 2272 965 2311 λέγει,
985 2272 1135 2311 ποδήρεισ
1154 2272 1217 2311 ’γὰρ
1235 2273 1379 2310 χιτῶνασ
1396 2273 1525 2311 ἐφόρουν
1543 2271 1613 2302 κατ’

75 2324 184 2364 ἀρχὰσ
201 2325 235 2354 ὃν
251 2324 367 2363 τρόπον
385 2324 436 2353 καὶ
454 2324 589 2363 Πέρσαι,
607 2322 684 2354 Sen.
703 2332 755 2363 ep.
774 2323 816 2354 33
833 2323 852 2353 2
870 2325 937 2353 tam
954 2322 991 2353 in
1007 2322 1121 2353 Persis
1137 2332 1237 2362 quam
1253 2322 1291 2353 iu
1307 2322 1369 2354 alte
1385 2322 1512 2354 cincti&

121 2376 185 2407 '752
208 2373 289 2405 Luc.
309 2383 334 2405 X
350 2375 414 2405 287
431 2384 481 2414 sq.
500 2374 626 2405 rectius
642 2374 679 2404 in
694 2373 845 2405 editione
862 2374 1112 2414 interpretatus
1128 2384 1215 2405 sum.

121 2427 184 2459 757
208 2425 284 2457 Seu.
304 2425 380 2457 ben.
397 2434 435 2456 IV
451 2426 470 2456 6
489 2426 503 2456 1
515 2424 665 2466 flumina
681 2449 687 2456 .
706 2449 712 2456 .
731 2449 737 2456 .
755 2449 763 2462 ,
779 2435 879 2464 super
893 2435 976 2464 quae
992 2424 1168 2456 decurrunt
1182 2425 1263 2462 sola,
1280 2435 1402 2456 aurum
1417 2425 1581 2457 uehentia.

121 2478 249 2511 759—61
266 2476 348 2508 Luc.
366 2485 410 2508 ΠΙ
425 2477 489 2508 243
505 2486 555 2517 sq.
568 2475 693 2517 seroces
714 2474 719 2519 Ι
740 2475 953 2516 Cappadoces
969 2476 1118 2508 eontulit
1133 2476 1360 2518 Tappertzius
1377 2476 1419 2508 de
1435 2477 1609 2508 coniunet.

75 2538 141 2559 usu
157 2538 211 2569 ap.
230 2527 322 2559 Man.
341 2538 374 2569 p.
393 2528 445 2559 36.

120 2581 184 2612 762
208 2579 378 2610 Macetum
393 2578 527 2619 aliquot
542 2581 623 2610 ante
639 2578 738 2609 annis
753 2581 799 2615 et,
816 2578 910 2618 quod
925 2579 1083 2615 sciamus,
1100 2579 1232 2620 primus
1247 2579 1405 2611 Grattius
1423 2581 1495 2611 117.

120 2632 184 2663 774
207 2630 295 2661 adde
311 2629 386 2662 Sen.
405 2630 481 2661 ben.
499 2638 542 2660 111
557 2630 598 2661 33
614 2630 633 2661 3
651 2629 798 2660 Romani
812 2629 939 2669 inperii
953 2654 960 2661 .
978 2653 985 2661 .
1003 2654 1009 2661 .
1026 2629 1175 2671 defensor
1190 2633 1218 2661 et
1233 2630 1379 2661 conditor
1394 2630 1548 2672 (Scipio).

124 2683 188 2714 776
211 2680 330 2712 similis
355 2681 477 2712 erroris
502 2691 699 2722 progressus
724 2681 760 2712 in
784 2689 822 2712 IV
847 2682 911 2712 258
934 2691 1016 2721 pars
1038 2681 1132 2721 prior
1157 2685 1185 2713 et
1210 2681 1327 2718 GL2M‚
1351 2692 1433 2721 pars
1455 2682 1549 2722 prior
1574 2682 1610 2719 L,

73 2742 216 2773 parsque
229 2732 324 2772 prior
339 2732 436 2769 Ven.‚
453 2741 476 2763 V
492 2733 551 2764 691
570 2742 633 2772 quo
645 2732 746 2772 perit]
762 2732 848 2772 quod
862 2733 922 2763 erit
937 2732 1009 2769 LM,
1025 2733 1172 2773 quodque
1187 2733 1247 2764 erit
1263 2732 1342 2770 GL2,
1359 2733 1460 2764 Mart.
1478 2742 1517 2764 Ix
1532 2735 1575 2765 49
1590 2735 1609 2765 2

73 2794 174 2824 quam
188 2793 280 2815 meus
295 2783 430 2815 edidicit
445 2796 478 2823 γ,
494 2793 594 2823 quam
610 2793 702 2814 meus
717 2783 834 2815 didicit
850 2784 888 2821 L,
904 2794 1066 2824 quamque
1081 2795 1173 2816 meus
1188 2784 1305 2816 didicit
1322 2784 1391 2822 ΡΩ,
1407 2784 1506 2816 Ouid.
1525 2788 1607 2817 met.

74 2843 98 2866 x
114 2836 178 2866 315
194 2834 268 2866 odio
284 2835 395 2866 maius
411 2835 525 2871 ceteri,
543 2834 679 2875 odioque
695 2835 808 2866 miuus
823 2834 870 2872 Μ,
888 2835 968 2867 Luc.
987 2844 1015 2866 Π
1031 2836 1095 2867 359
1110 2835 1195 2867 uitat
1211 2835 1375 2877 plerique,
1392 2839 1480 2867 uetat
1496 2835 1606 2868 Seruii
