1855 3088
163 74 187 110 8
752 70 814 112 M.
846 69 1097 112 MANILII

218 191 263 222 50
318 198 439 225 uersa
459 183 673 238 Syracusis
694 183 871 225 Salamis
890 198 976 225 non
994 188 1155 238 merget
1173 182 1363 225 Athenas

319 258 478 299 Punica
498 272 574 299 nec
593 263 687 299 toto
707 257 939 299 fluitabunt
958 272 1138 312 aequore
1157 263 1294 299 rostra

318 332 598 387 Actiacosque
617 332 732 373 sinus
751 332 862 373 inter
880 346 1105 386 suspensus
1124 332 1338 387 utrimque

320 406 431 447 orbis
451 411 494 447 et
513 407 556 447 in
576 412 708 461 ponto
729 406 832 448 caeli
851 406 1022 447 fortuna
1042 406 1222 447 natabit.

319 481 383 522 his
403 481 580 522 ducibus
600 495 723 522 caeco
743 481 958 522 ducuntur
976 481 1020 522 in
1039 495 1219 535 aequore
1239 481 1389 522 classes

218 562 262 593 56
319 560 363 596 et
382 555 466 596 coit
485 555 577 610 ipsa
596 555 676 596 sibi
695 555 819 597 tellus
838 560 1040 610 totusque
1059 568 1133 609 per
1152 569 1252 596 usus

318 629 505 671 diuersos
524 644 664 671 rerum
682 629 822 671 uentis
842 630 1064 671 arcessitus
1083 629 1207 671 orbis.

155 781 255 812 effert
273 788 316 811 ΠΙ
335 781 373 812 21
396 780 639 820 inmissumque
651 779 777 821 fretum
795 780 901 816 terris,
922 779 982 811 iter
1000 779 1151 820 aequoris
1170 779 1272 811 undis
1364 783 1405 813 50
1423 788 1524 811 uersa
1542 778 1691 811 Iacobus

154 841 188 872 p.
215 831 285 868 xix,
311 840 395 863 uera
420 830 485 870 GL,
511 833 551 862 ut
574 840 613 863 ra
637 831 684 870 M,
710 831 784 862 ulta
809 831 846 862 P.
873 831 1078 862 Thomasius
1104 830 1235 862 lucubr.
1262 830 1355 862 Man.
1381 841 1414 872 p.
1443 832 1463 862 8
1552 829 1692 862 salamis

154 882 243 921 ΠΜ,
270 882 409 914 solamis
435 881 489 914 GL
580 892 677 913 uersa
702 882 880 923 Syracusis
905 882 1065 919 Salamis,
1092 882 1269 913 conuersio
1295 882 1460 913 uictoriae
1485 881 1693 914 Salaminiae

154 934 190 964 in
214 937 319 975 portu
344 934 593 975 Syracusarum
616 933 734 965 facta:
773 944 835 965 nec
861 933 981 964 Persas
1006 933 1124 964 nauali
1146 932 1276 974 proelio
1300 934 1442 964 uincent
1465 934 1693 964 Athenienses

154 995 217 1016 nec
245 985 396 1016 uicissim
425 995 445 1016 a
473 985 698 1026 Syracusanis
726 984 919 1016 uincentur.
968 985 1022 1016 hic
1050 984 1145 1015 locus
1173 985 1295 1016 doctos
1322 987 1358 1016 et
1384 984 1572 1025 prudentes
1600 984 1692 1015 uiros

153 1035 375 1077 Scaligerum‚
391 1036 605 1067 Gronouium
620 1036 691 1067 obs.
708 1044 722 1067 Ι
736 1046 763 1067 c.
780 1037 811 1073 3,
828 1036 1008 1073 Huetium,
1026 1035 1232 1073 Bentleium,
1247 1035 1454 1077 Pingraeum
1468 1044 1497 1066 Π
1510 1046 1566 1077 pp.
1584 1036 1692 1067 325-7

155 1087 305 1118 multum
326 1088 525 1128 frustraque
547 1087 712 1124 exercuit,
736 1087 862 1128 quibus
883 1087 999 1118 fraudi
1020 1087 1089 1118 fuit
1110 1097 1180 1118 non
1202 1087 1398 1118 intellectus
1420 1087 1552 1118 Lucani
1574 1097 1693 1118 uersus

154 1147 197 1170 ΠΙ
227 1140 288 1171 183
317 1143 441 1179 tresque
466 1142 583 1179 petunt
613 1149 749 1170 ueram
771 1138 860 1170 credi
882 1138 1094 1170 Salamina
1118 1138 1262 1169 carinae.
1320 1149 1399 1169 eum
1426 1139 1557 1179 primus
1584 1138 1691 1179 expli·

154 1190 249 1221 cauit
276 1189 466 1221 Palmerius
493 1190 529 1220 in
556 1200 620 1221 sua
646 1200 709 1231 pro
736 1189 877 1221 Lucano
905 1189 1076 1231 apologia,
1105 1190 1199 1231 apud
1229 1189 1512 1231 Oudendorpium
1539 1200 1572 1231 p.
1603 1190 1691 1221 939:

152 1242 272 1282 paucis
295 1241 444 1273 nauibus
467 1241 594 1272 Atticis
619 1241 664 1272 ad
687 1241 893 1282 Pompeium
916 1241 1028 1272 missis
1052 1251 1151 1282 aegre
1175 1241 1345 1272 creditum
1369 1251 1441 1272 esse
1464 1241 1692 1272 Athenienses

152 1303 188 1324 re
210 1303 293 1324 uera
314 1293 497 1324 uictoriam
520 1303 540 1323 a
563 1291 678 1324 Xerxe
700 1295 916 1334 reportasse3
952 1302 1059 1333 quam
1081 1292 1333 1333 metonymiam
1352 1292 1544 1323 illustrauit
1565 1291 1692 1323 collato

152 1343 227 1375 loco
255 1344 434 1375 Maniliani
461 1343 636 1375 simillimo
663 1343 753 1375 Flor.
783 1352 796 1374 1
823 1345 866 1374 24
896 1345 935 1375 13
963 1354 1004 1374 ne
1029 1343 1096 1374 sibi
1120 1343 1273 1383 placeant
1300 1343 1459 1380 Athenae,
1479 1367 1485 1374 .
1505 1367 1512 1374 .
1532 1367 1539 1374 .
1560 1343 1692 1384 Epheso

153 1395 332 1426 Salamina
347 1395 580 1435 pensauimus.
630 1395 781 1426 breuiter
798 1405 819 1426 a
836 1394 978 1426 Manilio
997 1394 1194 1426 conclusam
1212 1395 1422 1426 sententiam
1439 1395 1514 1426 fuse
1532 1395 1693 1436 exposuit

154 1446 255 1478 Silius
281 1455 345 1477 XIV
370 1447 480 1477 282-6
504 1446 748 1478 Salaminiacis
772 1450 932 1486 quantam
958 1446 1103 1486 Eoisque
1127 1446 1272 1486 tropaeis
1293 1444 1297 1489 Ι
1318 1446 1451 1486 inqenio
1473 1450 1590 1486 portus
1614 1446 1693 1478 urbs

154 1498 253 1529 inuia
266 1497 381 1538 fecerit
401 1498 563 1534 umbram,
586 1495 590 1540 Ι
610 1501 792 1537 spectatum
808 1497 950 1537 proauis
969 1508 979 1528 .·
1010 1501 1056 1528 ter
1074 1501 1204 1528 centum
1223 1501 1298 1528 ante
1316 1507 1374 1528 ora
1392 1498 1539 1529 triremes
1560 1496 1564 1541 Ι
1584 1508 1692 1529 unum

153 1549 382 1590 nausraqium,
421 1559 607 1589 mersasque
643 1548 782 1588 impune
816 1548 984 1589 profundo
1006 1546 1011 1592 Ι
1030 1548 1121 1579 clade
1154 1548 1374 1589 pharetriyeri
1409 1549 1571 1580 subnixas
1606 1548 1692 1589 reyis

154 1600 313 1637 Athenas,
340 1600 400 1641 qui
425 1601 532 1631 etiam
557 1600 602 1632 ob
628 1599 745 1631 oculos
769 1600 894 1632 habuit
920 1600 986 1631 Cic.
1014 1608 1042 1630 11
1068 1600 1162 1631 Verr.
1189 1608 1213 1630 V
1238 1601 1280 1631 98
1372 1603 1412 1634 51
1437 1602 1548 1632 rostra
1573 1599 1691 1639 ΘΗΜ,

152 1653 262 1683 rostro
284 1651 320 1691 L,
344 1655 488 1683 transtra
510 1651 565 1682 uel
586 1652 739 1691 aplustra
761 1651 949 1687 Bentleius‚
973 1651 1033 1691 qui
1054 1651 1083 1682 si
1104 1651 1149 1682 ab
1171 1651 1340 1682 eiusmodi
1360 1651 1517 1683 ludibriis
1538 1655 1691 1683 mentem

153 1703 307 1734 inhibere
347 1703 530 1744 potuisset,
573 1702 684 1734 multo
726 1703 894 1734 minorem
934 1703 1217 1743 grauissimarum
1259 1702 1464 1734 mendarum
1507 1713 1691 1735 numerum

152 1755 325 1786 intactum
343 1754 600 1785 transmisisset.
649 1764 731 1785 nam
749 1764 828 1785 cum
845 1757 957 1785 rostra
975 1757 1093 1785 aerata
1110 1754 1247 1784 fluitare
1264 1757 1379 1794 negat,
1398 1754 1463 1785 sibi
1479 1754 1552 1795 ipse
1569 1758 1692 1786 auctor

152 1809 215 1843 est,
240 1816 330 1847 quae
353 1817 396 1837 ne
419 1806 447 1837 si
471 1816 570 1837 aerea
593 1805 735 1846 quidem
758 1809 873 1836 essent
895 1805 1086 1836 necessario
1110 1808 1355 1846 mergerentur,
1380 1805 1551 1846 siquidem
1574 1816 1630 1837 aes
1652 1816 1690 1837 ac

150 1858 326 1897 plumbum
343 1882 350 1889 .
370 1882 376 1888 .
397 1882 404 1888 .
423 1857 600 1888 dilatatum
626 1857 765 1898 fluitare
799 1857 1000 1888 obseruauit
1033 1856 1164 1887 Plinius
1198 1857 1268 1888 n.h.
1304 1865 1333 1887 11
1365 1858 1441 1894 233,
1475 1867 1538 1888 nos
1572 1860 1690 1889 autem

151 1909 321 1940 immensa
339 1909 419 1940 ferri
438 1908 592 1950 pondera
610 1911 733 1939 natare
754 1908 915 1939 uidimus.
964 1907 1066 1939 Silius
1083 1916 1147 1938 XIV
1167 1909 1231 1938 542
1248 1918 1297 1948 sq.
1316 1912 1409 1939 scuta
1425 1909 1540 1939 uirum
1558 1909 1690 1940 cristae-

152 1971 212 2001 que
234 1964 262 1991 et
285 1960 408 1992 inerti
430 1960 592 2000 spicula
606 1959 712 2000 ferro
734 1958 738 2001 Ι
759 1959 937 2000 tutelaeque
958 1959 1056 1991 deum
1071 1959 1258 2000 fluitant,
1276 1960 1341 1991 549
1361 1959 1478 2000 pelayo
1497 1964 1691 2001 repetuntur

151 2012 295 2043 nantia
326 2012 413 2050 tela,
441 2020 520 2042 xvn
543 2013 670 2043 278-81
697 2014 809 2042 natat
832 2021 969 2051 aequore
1005 2014 1067 2041 toto
1089 2009 1093 2054 Ι
1113 2021 1208 2041 arma
1245 2010 1329 2041 inter
1357 2011 1554 2051 galeasque
1576 2012 1692 2043 uirum

152 2063 331 2103 cristasque
365 2063 512 2094 rubentis
542 2061 545 2105 Ι
566 2062 720 2104 florentis
756 2062 895 2102 Capuae
927 2073 1009 2102 qaza
1026 2086 1033 2092 .
1053 2061 1285 2102 ..tripodes
1319 2072 1512 2102 mensaeque
1542 2063 1688 2100 deorum,

152 2114 241 2146 Stat.
268 2114 375 2146 Theb.
401 2123 441 2145 IX
465 2115 526 2145 261
554 2124 604 2155 sq.
630 2113 763 2153 spicula
780 2137 787 2144 .
807 2137 814 2144 .
835 2137 841 2144 .
860 2113 953 2144 unda
977 2113 1077 2149 uehit,
1102 2114 1166 2144 303
1191 2113 1254 2144 tela
1277 2113 1442 2150 natantia,
1467 2113 1549 2144 Luc.
1576 2122 1601 2144 x
1625 2115 1690 2146 497

151 2166 214 2197 tela
237 2169 364 2197 natant.
413 2165 623 2196 uocabulum
646 2175 755 2196 unum
779 2165 934 2196 omnium
957 2164 1177 2206 aptissimum
1199 2167 1305 2205 poeta
1327 2163 1430 2205 elegit
1453 2164 1497 2196 ob
1520 2165 1688 2203 Duilium,

151 2218 206 2248 cui
221 2220 450 2248 transtratam
465 2216 742 2257 aplustratamue
757 2215 954 2247 columnam
968 2216 1119 2256 positam
1134 2225 1206 2246 esse
1220 2226 1290 2246 non
1305 2216 1499 2256 accepimus
1514 2228 1522 2253 ;
1550 2220 1690 2248 secutus

151 2271 204 2299 est
225 2268 326 2300 Silius
348 2277 361 2298 Ι
382 2269 489 2300 621-3
511 2267 563 2298 hic
584 2267 719 2299 Punica
739 2267 822 2298 bella
843 2265 847 2310 Ι
867 2267 1004 2307 Aeyatis
1024 2277 1138 2298 cernas
1152 2266 1298 2307 fusaque
1315 2276 1376 2306 per
1396 2277 1538 2307 aequora
1558 2267 1661 2299 classe
1683 2266 1687 2311 Ι

150 2323 297 2350 exactam
318 2322 420 2359 ponto
443 2319 571 2359 Libyen
594 2318 748 2349 testantia
771 2322 876 2349 rostra
968 2320 1010 2352 52
1032 2328 1103 2358 que,
1129 2317 1171 2349 de
1195 2328 1264 2358 quo
1288 2317 1333 2348 ad
1357 2326 1370 2348 1
1393 2319 1458 2349 475
1482 2318 1565 2355 dixi,
1589 2318 1625 2350 in
1649 2329 1690 2350 ue

152 2374 349 2402 mutantem
369 2370 566 2401 Bentleium
586 2370 760 2401 Breiterus
780 2369 965 2410 utrobique
985 2372 1123 2400 secutus
1142 2371 1206 2405 est,
1226 2379 1296 2400 non
1315 2369 1400 2400 item
1418 2377 1441 2400 v
1461 2370 1525 2401 319
1544 2369 1689 2411 aliisque

149 2421 244 2458 locis,
264 2432 306 2452 ne
324 2422 373 2452 ibi
391 2421 532 2461 quidem
550 2421 611 2452 ubi
629 2421 886 2462 perspicuitatis
905 2420 1219 2460 concinnitatisque
1238 2430 1341 2451 causa
1359 2420 1518 2451 facienda
1537 2422 1688 2452 mutatio

150 2476 236 2510 erat,
254 2481 297 2503 111
319 2474 403 2504 15-8
475 2472 646 2512 utrimque
657 2471 816 2513 Scaliger,
828 2474 1012 2512 utrumque
1027 2471 1202 2513 (G)L(M),
1214 2475 1346 2511 uterque
1357 2471 1430 2502 eod.
1445 2471 1521 2502 Par.
1595 2473 1687 2507 orbis

150 2525 330 2555 Romanus
358 2523 455 2554 uelut
483 2534 503 2554 a
532 2523 620 2554 binis
647 2523 738 2554 inter
765 2533 800 2554 se
828 2523 997 2564 oppositis
1025 2523 1146 2553 castris
1174 2522 1307 2553 medius
1335 2533 1520 2563 suspensus
1547 2523 1688 2555 natabit

150 2578 186 2606 et
200 2575 265 2606 erit
279 2575 315 2605 in
330 2574 436 2606 dubio
451 2586 458 2605 z
487 2574 538 2605 ita
551 2582 565 2604 Ι
580 2575 643 2605 917
661 2574 768 2605 Roma
779 2574 938 2614 pependit
1030 2576 1071 2608 53
1084 2573 1225 2605 fortuna
1238 2573 1301 2605 LM
1315 2576 1351 2604 et
1365 2584 1533 2615 suprascr.
1550 2585 1594 2605 m.
1614 2576 1628 2606 1
1647 2574 1686 2612 G,

150 2636 270 2658 secura
294 2625 330 2657 G.
382 2634 395 2656 1
415 2626 479 2656 916
503 2625 540 2656 in
558 2629 659 2664 ponto
678 2625 848 2665 quaesitus
868 2629 968 2656 rector
991 2625 1127 2665 Olympi
1218 2628 1260 2658 54
1284 2624 1423 2656 ducibus
1441 2649 1448 2656 .
1468 2649 1474 2656 .
1495 2649 1501 2656 .
1520 2625 1688 2657 ducuntur

150 2681 191 2709 ut
213 2678 298 2709 Hor.
323 2687 426 2708 carm.
450 2685 479 2707 11
502 2678 520 2707 7
547 2678 560 2707 1
586 2686 636 2716 sq.
661 2679 789 2716 tempus
812 2676 850 2707 in
872 2676 1028 2707 ultimum
1050 2675 1053 2719 Ι
1073 2675 1205 2707 deducte
1229 2676 1333 2707 Bruto
1356 2676 1496 2707 militiae
1518 2676 1598 2708 duce

196 2733 237 2764 55
264 2729 327 2760 coit
354 2738 425 2759 non
451 2726 599 2768 amplius
627 2727 814 2758 distinente
842 2728 940 2764 mari,
968 2736 982 2758 1
1010 2728 1069 2759 651
1100 2727 1163 2758 coit
1190 2727 1262 2767 ipse
1289 2728 1378 2759 sibi.
1399 2752 1405 2758 .
1426 2752 1432 2758 .
1452 2727 1597 2759 mundus

195 2784 342 2821 totusque
358 2804 365 2811 .
386 2803 393 2811 .
413 2803 419 2811 .
439 2779 537 2816 orbis,
563 2779 570 2791 ‘
584 2789 627 2810 ex
649 2779 809 2810 omnibus
831 2779 989 2820 partibus
1011 2779 1103 2810 orbis
1125 2781 1295 2810 terrarum
1316 2789 1445 2810 merces
1466 2782 1687 2811 arcessuntur
