1855 3088
224 82 278 121 68
815 77 876 118 M.
910 76 1161 118 MANILII

257 200 325 232 513
382 192 479 234 hinc
500 190 700 246 Pompeia
720 195 896 232 manent
914 189 1069 231 ueteris
1088 194 1365 232 monumenta
1383 189 1589 245 triumphi

257 275 326 306 510
382 272 425 308 et
444 266 739 307 Mithridateos
758 265 904 306 uultus
923 264 1074 306 induta
1092 270 1281 319 tropaea.

257 351 325 381 515
383 343 484 393 [non
504 341 693 382 extincta
713 340 801 381 lues
821 354 1068 394 semperque
1086 339 1271 380 recentia
1290 338 1487 392 flammis]

381 416 477 457 hinc
497 415 751 456 lenocinium
769 414 929 455 formae
949 414 1171 469 cultusque
1190 418 1381 468 repertus

381 490 564 545 corporis
585 494 713 544 atque
734 503 836 530 auro
857 488 1049 543 quaesita
1069 492 1133 529 est
1152 488 1288 542 gratia
1308 487 1459 529 frontis

379 579 537 620 perque
557 569 687 618 caput
707 563 825 605 ducti
844 563 1005 618 lapides
1024 577 1097 617 per
1116 562 1222 603 colla
1241 577 1476 617 manusque

381 645 424 680 et
443 639 620 693 pedibus
640 637 773 679 niueis
793 638 1001 679 fulserunt
1020 652 1146 678 aurea
1166 637 1318 678 uincla.

255 722 325 753 520
380 714 482 769 quid
502 713 644 768 potius
663 717 859 753 matrona
878 712 983 753 uelit
1001 717 1186 753 tractare
1205 716 1368 753 creatos

381 803 510 843 quam
529 788 693 829 factum
711 801 906 828 reuocare
927 801 1023 828 suos
1044 786 1157 841 quod
1177 786 1311 841 possit
1330 785 1386 828 ad
1404 800 1505 828 usus
1525 787 1540 828 2

215 997 387 1038 laquearia
412 997 558 1028 uerberat
587 996 735 1027 umbra.
782 1005 985 1035 qem‘marum
1013 994 1129 1026 umbra
1156 994 1324 1026 radiantes
1352 995 1402 1025 ita
1429 994 1556 1025 dicitur
1582 996 1623 1025 ut
1650 993 1750 1035 Verg.

217 1049 301 1081 Aen.
332 1058 386 1080 XII
419 1050 480 1080 102
511 1047 616 1079 oculis
647 1047 747 1078 micat
777 1046 908 1078 acribus
940 1046 1029 1086 iqnis
1120 1045 1249 1076 lucibus
1276 1048 1317 1077 ut
1337 1047 1403 1077 258
1431 1045 1606 1086 Tyrias..
1626 1069 1634 1077 .
1652 1044 1750 1082 luces,

216 1101 316 1132 aliter
342 1101 408 1132 Cic.
436 1100 532 1130 Arat.
561 1100 621 1131 331
651 1098 784 1130 Gemini
809 1098 935 1129 clarum
961 1097 1119 1128 iactantes
1144 1096 1273 1128 lucibus
1299 1096 1349 1136 (id
1373 1099 1426 1128 est
1451 1096 1572 1136 stellis)
1598 1096 1708 1137 iqnem

306 1152 397 1192 iqnes
419 1154 459 1182 ut
480 1151 570 1181 Petr.
594 1152 636 1181 55
658 1151 677 1181 6
700 1150 739 1181 13
760 1159 823 1189 quo
845 1148 1086 1180 Carchedonios
1108 1151 1203 1188 optas
1224 1147 1316 1187 iynes
1336 1147 1484 1187 lapideos
1499 1147 1514 1177 ,9
1560 1147 1663 1179 Mart.
1686 1156 1752 1179 XIV

218 1204 280 1236 109
305 1205 318 1234 1
344 1205 543 1243 qenzmatum
564 1201 728 1241 Scythicis
750 1204 785 1231 ut
808 1200 912 1231 luceat
935 1199 1068 1239 iynibus
1090 1209 1222 1236 aurum,
1246 1198 1335 1230 Stat.
1359 1198 1466 1230 Theb.
1491 1207 1520 1229 Π
1540 1199 1607 1230 276
1629 1208 1751 1230 arcano

209 1255 362 1296 florentis
386 1254 460 1294 iyne
483 1252 685 1292 smaraqdos,
711 1261 765 1282 ΧΠ
789 1253 852 1283 527
877 1261 927 1291 sq.
953 1251 1050 1291 iqnea
1072 1250 1209 1290 qemmis
1231 1248 1235 1292 Ι
1255 1249 1400 1290 οίηρτιῑα,
1425 1249 1544 1281 Claud.
1570 1249 1646 1281 Stil.
1671 1258 1685 1281 1
1708 1251 1750 1282 92

215 1307 312 1337 icario
339 1305 492 1345 lapidum
511 1329 517 1335 .
538 1329 544 1335 .
565 1329 572 1335 .
592 1305 676 1344 iyne,
698 1312 736 1334 IV
756 1313 846 1334 cons.
870 1303 961 1333 Hon.
983 1303 1047 1333 599
1067 1312 1131 1342 sq„
1152 1301 1268 1333 Sidon.
1290 1311 1394 1332 carm.
1416 1309 1445 1332 Π
1463 1302 1528 1333 423
1547 1311 1751 1341 yemmarum

215 1358 329 1389 uarios
347 1382 353 1388 .
374 1381 381 1388 .
402 1381 408 1387 .
429 1357 519 1396 iqnes
611 1358 675 1388 513
704 1353 870 1395 triumphi
901 1353 939 1392 G,
970 1352 1151 1394 triumphis
1182 1352 1255 1384 LM.
1302 1352 1405 1383 huius
1434 1352 1614 1393 triumphi,
1646 1362 1751 1393 quem

215 1410 358 1441 tertium
384 1408 568 1448 Pompeius
592 1407 673 1447 egit,
699 1408 926 1437 monumenta
950 1405 1092 1436 fuerunt
1116 1403 1208 1435 dona
1232 1403 1277 1434 ab
1301 1413 1342 1434 eo
1365 1403 1401 1434 in
1426 1403 1597 1444 Capitolio
1621 1403 1749 1441 dicata,

214 1460 471 1501 dactyliotheca
497 1457 709 1489 Mithridatis
737 1460 919 1497 ceteraque
947 1455 1041 1496 apud
1068 1455 1218 1486 Plinium
1247 1455 1317 1486 n.h.
1347 1462 1481 1485 xxxvn
1509 1455 1546 1485 11
1576 1464 1651 1495 sqq.
1699 1455 1751 1487 ita

215 1511 386 1553 Scaliger:
432 1510 610 1552 perinepte
640 1508 788 1539 Iacobus
819 1507 862 1539 de
892 1507 1031 1538 theatro
1062 1507 1311 1547 interpretatus
1342 1508 1405 1543 est,
1437 1505 1533 1546 quod
1562 1516 1675 1547 neque
1705 1516 1748 1537 ex

213 1573 297 1595 auro
318 1563 530 1603 gemmisque
550 1561 683 1592 factum
704 1562 779 1591 erat
798 1569 910 1599 neque
930 1558 1099 1599 triumphi
1120 1556 1414 1589 commemorandi
1434 1567 1539 1588 causa
1562 1559 1747 1589 structum.

213 1625 303 1656 quae
322 1615 357 1645 in
376 1624 478 1645 uersu
497 1622 588 1643 nunc
609 1612 688 1642 huic
708 1610 863 1642 subiecto
882 1609 1056 1641 habentur
1077 1608 1310 1640 Mithridateos
1329 1607 1444 1639 uultus
1464 1607 1583 1639 induta
1602 1611 1748 1648 tropaea,

213 1676 333 1698 eorum
346 1665 558 1696 mentionem
570 1663 656 1694 facit
668 1662 848 1703 Appianus
862 1660 940 1692 bell.
954 1660 1071 1692 Mithr.
1089 1661 1151 1691 116
1166 1662 1221 1691 τὸν
1239 1661 1296 1690 τοῦ
1314 1661 1504 1700 Εὐπάτοροσ
1523 1661 1619 1691 αὐτοῦ
1639 1661 1748 1700 θρόνον

214 1719 265 1748 καὶ
287 1719 449 1756 σκῆπτρον
472 1716 567 1746 αὐτοῦ
590 1716 641 1745 καὶ
663 1715 765 1744 εἰκόνα
788 1714 975 1752 ὀκτάπηχυν
992 1713 1057 1743 ἀπὸ
1078 1713 1208 1752 στερεοῦ
1228 1713 1359 1751 χρυσίου
1381 1712 1518 1751 παρῆγε,
1542 1711 1604 1742 117
1626 1712 1748 1743 εἰκόνεσ

215 1770 432 1809 παρεφέροντο
448 1768 625 1806 Τι’γράνουσ
643 1767 693 1796 καὶ
712 1766 920 1805 Μιθριοάτου,
939 1764 1128 1803 μαχομένων
1144 1775 1177 1794 τε
1192 1765 1243 1793 καὶ
1260 1763 1436 1800 νικωμένων
1454 1763 1503 1793 καὶ
1521 1763 1703 1801 φευγόντων

304 1821 368 1853 514
395 1821 458 1852 515
485 1820 697 1848 monstrosos
723 1816 865 1847 uocauit
891 1814 1040 1856 Scaliger
1066 1817 1102 1846 et
1127 1813 1362 1845 emendandos
1388 1813 1483 1854 prius
1509 1823 1616 1853 quam
1642 1824 1746 1855 expo-

213 1871 344 1903 nendos
360 1883 367 1907 ;
401 1869 496 1911 quod
516 1879 595 1900 cum
616 1866 773 1898 Bentleio
792 1877 863 1898 non
883 1866 1111 1902 successisset,
1133 1867 1198 1898 514
1216 1868 1245 1896 et
1263 1864 1348 1905 quod
1367 1867 1436 1895 erat
1455 1874 1593 1904 reqnum
1609 1864 1749 1905 petoque

207 1922 277 1963 fuit
300 1933 369 1953 nna
392 1920 554 1952 malornm
578 1919 726 1950 Iacobus
748 1928 859 1959 progr.
885 1917 1010 1948 Lubec.
1036 1927 1091 1948 an.
1118 1917 1202 1948 1836
1225 1926 1258 1957 p.
1285 1917 1326 1947 14
1348 1915 1580 1957 pulcherrimo
1602 1916 1748 1948 inuento

212 1984 314 2005 suum
331 1974 366 2004 in
383 1972 497 2003 locum
514 1971 666 2007 reduxit,
684 1969 745 2001 ubi
762 1969 954 2000 orationem
972 1968 1252 2008 sententiamque
1268 1967 1359 1998 inter
1377 1968 1441 2000 542
1458 1969 1494 1998 et
1512 1968 1575 2000 543
1591 1966 1748 1999 hiantem

212 2024 338 2066 explet.
389 2024 543 2064 suspicor
562 2020 769 2053 uersiculum
789 2030 871 2051 casu
890 2020 1067 2056 omissum,
1088 2029 1167 2050 cum
1185 2021 1266 2059 post
1285 2018 1354 2049 inc·
1373 2018 1437 2049 542
1456 2018 1576 2058 reponi
1595 2017 1748 2055 deberet,

213 2086 325 2107 errore
348 2078 427 2116 post
449 2074 527 2105 hinc
549 2074 613 2105 513
637 2072 845 2103 collocatum
868 2081 950 2102 esse.
998 2073 1107 2102 restat
1131 2072 1194 2103 515
1215 2079 1284 2100 non
1305 2068 1447 2100 extincta
1468 2068 1538 2100 lues
1559 2078 1749 2109 semperque

212 2127 354 2159 recentia
373 2125 537 2167 flammis,
563 2134 668 2165 quem
693 2126 728 2154 et
754 2124 867 2164 ipsum
894 2121 1032 2153 aliunde
1058 2121 1191 2152 uenisse
1217 2120 1420 2161 imperfecta
1445 2119 1599 2151 ostendit
1623 2120 1747 2158 oratio,

211 2189 254 2209 ex
286 2177 504 2219 pestilentiae
537 2175 692 2212 alicuius,
725 2177 766 2205 ut
798 2173 948 2210 uidetur,
982 2173 1211 2213 descriptione
1244 2170 1483 2212 (sequentibus
1514 2170 1612 2202 uerbi
1643 2181 1748 2203 causa

204 2229 330 2270 funera
353 2228 554 2266 traduntur),
579 2235 794 2267 quamquam
816 2225 946 2256 frustra
969 2234 1048 2255 eum
1071 2224 1161 2255 inter
1184 2222 1482 2254 coniunctissimos
1504 2231 1623 2253 uersus
1646 2230 1660 2253 1
1683 2223 1748 2254 889

211 2284 247 2312 et
271 2281 334 2312 890
358 2279 508 2310 inferciri
531 2277 643 2309 uoluit
666 2277 706 2307 A.
733 2276 942 2307 Kraemerus
966 2274 1009 2306 de
1032 2274 1123 2305 Man.
1150 2277 1231 2305 astr.
1256 2284 1290 2315 p.
1316 2274 1368 2304 55.
1416 2272 1605 2314 prudenter
1627 2275 1747 2304 autem

210 2331 359 2362 Iacobus
376 2341 408 2371 p.
431 2331 470 2361 15
488 2329 539 2360 lue
558 2328 753 2359 ablatiuum
769 2337 899 2358 nouare
915 2327 1046 2357 ueritus
1064 2325 1225 2356 indoctae
1242 2324 1388 2356 Breiteri
1406 2323 1572 2355 audaciae
1592 2327 1745 2355 metrum

209 2382 412 2414 uiolandum
431 2380 582 2421 reliquit,
602 2380 657 2410 cui
678 2379 684 2391 ‘
700 2378 755 2409 lue·
771 2378 857 2409 eben
879 2388 917 2408 so
939 2376 1085 2417 zulassig
1103 2377 1166 2407 wie
1179 2375 1276 2416 fame
1289 2375 1296 2388 ’
1315 2374 1513 2411 uidebatur,
1533 2375 1622 2406 sicut
1640 2375 1746 2406 etiam

212 2433 382 2465 Becherto
405 2435 440 2463 et
463 2431 730 2472 Wageningeno.
778 2439 840 2460 nec
863 2439 945 2460 uero
968 2428 1033 2459 luis
1056 2428 1128 2459 siue
1150 2428 1267 2468 potius
1289 2426 1358 2458 luei
1379 2425 1590 2458 uocabulum
1613 2426 1660 2457 sic
1682 2436 1746 2467 pro

209 2484 368 2516 incendio
394 2483 549 2514 nondum
571 2483 842 2513 commemorato
864 2480 946 2521 poni
965 2489 1065 2520 posse
1084 2478 1250 2509 dubitant
1266 2490 1274 2515 ;
1311 2480 1455 2518 tropaea
1474 2479 1593 2508 autem
1610 2476 1745 2508 Mithri-

210 2535 314 2566 datea
336 2533 526 2565 identidem
548 2532 774 2573 conflagrasse
795 2530 883 2562 uelle
904 2530 1079 2566 uidentur,
1097 2539 1210 2570 neque
1231 2529 1322 2560 enim
1344 2527 1445 2559 ahter
1461 2537 1588 2567 semper
1603 2527 1746 2559 recentia

203 2585 355 2628 flammis
387 2585 534 2616 fuissent
626 2585 689 2617 520
723 2585 785 2616 521
821 2583 828 2594 ‘
843 2584 896 2613 est
929 2583 1119 2620 αἰτιολογία,
1154 2590 1213 2611 cur
1250 2580 1411 2620 Cassiope
1447 2578 1603 2610 aurifices
1641 2581 1743 2610 creet.

209 2637 289 2678 qnid
307 2636 421 2677 potins
442 2635 613 2675 Cassiope,
636 2635 710 2675 ipsa
731 2637 893 2669 matrona,
915 2636 1052 2663 tractare
1072 2631 1153 2662 uelit
1173 2641 1234 2662 suo
1255 2631 1365 2662 sidere
1385 2633 1519 2667 creatos,
1539 2639 1639 2669 quam
1658 2629 1745 2669 quod

210 2699 287 2720 suos
309 2687 351 2719 ad
373 2697 466 2723 usus,
490 2686 535 2717 ad
556 2685 725 2716 lenocinia
746 2684 888 2720 formae,
911 2693 1062 2714 reuocare
1082 2682 1213 2723 possit'
1238 2681 1438 2713 Bentleius:
1474 2683 1596 2712 creatos
1617 2683 1658 2711 ut
1681 2680 1744 2712 199

210 2743 246 2771 et
262 2740 337 2771 392.
386 2737 605 2768 intellexerat
621 2737 690 2767 iam
707 2735 871 2766 Barthius
888 2734 967 2765 adu.
986 2744 1019 2775 p.
1038 2735 1113 2770 325,
1130 2743 1201 2764 non
1216 2734 1301 2764 item
1318 2732 1503 2764 Geuartius
1519 2730 1617 2762 elect.
1636 2741 1670 2772 p.
1687 2731 1742 2762 49.

209 2791 339 2823 Teucer
358 2789 445 2821 Boll.
465 2788 598 2830 sphaer.
619 2798 652 2829 p.
672 2788 712 2818 41
736 2788 777 2819 18
795 2796 845 2828 sq.
867 2786 1071 2817 Κασσιέπεια
1092 2786 1209 2824 (δηλοῖ)
1231 2785 1391 2823 ’γυναῖκασ
1410 2783 1698 2821 καλλωπιζομένασ
