1855 3088
221 104 300 142 142
517 103 577 144 Μ.
611 102 862 145 MANILII
894 103 1377 148 ASTRONOMICON
1409 106 1449 147 V

261 216 324 247 448
349 214 430 246 Luc.
449 223 485 245 1v
504 215 561 246 191
580 225 630 255 sq.
648 225 806 255 mayrcum
821 225 910 247 nuuc
925 216 1058 247 saecula
1073 220 1183 248 nostra
1206 215 1210 259 Ι
1230 217 1365 249 uenturi
1379 217 1557 251 discrimen
1572 218 1699 251 habent.

261 268 324 299 457
348 274 533 306 sensusque
550 265 596 297 M.

261 319 325 349 460
349 317 383 348 in
402 326 437 347 IV
456 319 519 349 759
536 328 585 357 sq.
606 317 677 358 lege
692 318 813 357 potiris
829 318 990 358 etferoci.

260 369 324 401 479
347 368 440 408 quod
470 368 656 409 Vergilium
682 379 743 409 que
769 369 975 410 particulam
1005 370 1098 401 breui
1126 380 1141 401 e
1168 370 1263 402 finali
1289 371 1482 403 subiectam
1509 373 1637 404 uitasse
1664 373 1748 410 dixi,

215 422 332 459 potest
353 420 527 460 scripsisse
548 420 748 451 adulescens
769 421 902 461 ipseque
923 421 1025 452 catal.
1049 423 1069 452 4
1092 423 1122 458 7,
1144 422 1234 453 sieut
1256 422 1368 464 Priap.
1392 424 1412 455 3
1435 425 1453 454 7
1475 424 1592 455 cretici
1612 424 1751 456 elisione

215 469 411 501 Catulliana
430 470 604 510 ‹liliqeutia
623 475 669 508 ut,
691 475 812 512 postea
831 482 901 503 non
920 473 1014 503 item.
1064 473 1099 504 in
1120 473 1219 504 Ouid.
1242 474 1331 505 trist.
1354 482 1392 505 1v
1414 476 1453 506 10
1475 476 1536 506 102
1557 485 1658 507 nemo
1678 475 1749 507 edi-

214 524 331 552 torum
359 521 494 561 ipseque
521 523 658 559 retinet,
678 523 811 563 fineque
839 527 919 554 met.
950 532 1014 554 XIV
1039 525 1081 554 24
1109 534 1163 555 me
1190 528 1331 556 auctore
1357 525 1491 566 expulit
1518 525 1750 564 Edwardsius,

214 572 350 613 expulsi
370 573 405 603 in
424 573 538 604 locum
557 574 677 615 inepta
696 575 893 606 coniectura
912 575 1006 616 apud
1026 575 1245 607 Ehwaldium
1264 575 1458 608 substituta
1477 580 1541 614 est,
1559 587 1639 609 eum
1659 588 1748 610 unus

215 627 250 655 et
267 623 354 655 alter
371 624 528 655 codicum
545 635 665 656 uerum
681 625 881 666 praebeant,
893 626 964 667 fine
981 626 1068 657 nihil
1084 637 1168 667 opas
1185 630 1240 658 est.

260 677 324 707 489
347 685 409 716 pro
428 675 435 688 ⁶
450 675 541 707 idem
558 676 678 708 ualent
693 676 700 689 '
718 678 844 708 rectius
862 677 1024 709 dixissem
1044 678 1050 690 ‘
1065 677 1186 709 eodem
1202 678 1348 710 redeunt
1364 678 1383 710 ’.

261 728 323 759 491
348 726 523 758 simillima
540 731 622 759 sunt
638 726 715 759 Mel.
735 737 763 759 11
784 729 826 760 26
850 738 888 760 ex
911 729 997 760 Asia
1021 729 1058 760 in
1083 729 1255 761 Graeciam
1275 729 1388 770 pedes
1411 733 1442 761 et
1469 741 1544 762 non
1566 731 1750 772 nauiqata

215 777 324 809 maria
348 781 570 818 trans-aremus
594 782 649 816 est,
675 779 751 811 Sen.
778 790 829 821 ep.
858 781 919 812 119
946 782 985 811 14
1009 790 1109 820 quam
1132 780 1305 812 crinitus
1325 791 1410 822 puer
1433 785 1465 813 el
1487 792 1587 822 quarn
1611 782 1749 822 perlu-

213 828 346 860 cidum
365 829 425 860 tibi
444 829 602 870 poculum
621 831 780 871 porriqat,
800 832 879 863 Tac.
902 831 981 863 hist.
1004 841 1016 862 1
1035 834 1077 863 45
1097 832 1223 864 uinciri
1243 832 1397 864 iussum
1416 836 1449 864 et
1468 833 1608 865 maiores
1623 843 1750 874 poenae

212 880 369 912 daturum
397 881 622 922 adfirmans
648 883 817 921 praesenti
839 883 938 914 exitio
960 883 1133 920 subtraxit,
1158 883 1249 915 Pers.
1276 893 1319 915 111
1341 885 1384 916 29
1406 894 1612 916 censoremue
1640 888 1750 917 tuum

211 931 273 962 uel
301 932 385 972 quod
414 932 584 964 trabeate
612 933 748 965 salutas.

256 985 320 1017 495
343 984 378 1014 in
396 983 423 1015 G
442 993 491 1015 -os
508 995 550 1015 ex
569 994 621 1016 -us
639 988 830 1017 correctum
847 989 908 1017 est.

259 1037 323 1067 503
346 1038 386 1066 ut
407 1035 462 1066 hic
484 1035 578 1066 audit
600 1037 704 1076 (eam)
726 1047 809 1077 quae
827 1037 983 1077 proxima
1004 1037 1123 1069 Librae
1145 1038 1237 1078 (est),
1260 1039 1310 1069 ita
1331 1047 1369 1069 1v
1390 1039 1454 1070 345
1476 1038 1650 1071 dominum
1664 1039 1746 1081 fecit

213 1087 320 1126 (eum)
337 1086 393 1117 cui
409 1097 527 1118 nomen
544 1087 583 1119 ab
600 1088 702 1119 undis
719 1089 810 1128 (est).

257 1139 321 1171 518
344 1147 433 1170 nuuc
450 1141 486 1169 et
504 1138 590 1170 idem
607 1139 781 1180 quomodo
798 1142 890 1171 reete
908 1140 1140 1172 adhibeantur
1157 1141 1288 1182 optime
1306 1140 1459 1173 ostendit
1476 1150 1515 1173 IV
1531 1142 1595 1174 563
1613 1141 1742 1183 altaque

211 1198 301 1220 num:
317 1192 435 1220 statuet
451 1200 540 1221 nunc
557 1189 644 1222 idem
660 1191 791 1222 moenia
806 1195 916 1222 uertet.

258 1242 321 1274 523
344 1251 435 1272 nuno
452 1241 602 1273 addendi
619 1245 701 1274 sunt
717 1251 761 1274 111
776 1244 841 1274 458
858 1253 907 1284 sq.
927 1254 969 1274 ex
986 1243 1229 1275 emendatione
1246 1253 1333 1275 mea.

257 1293 320 1325 529
344 1292 512 1324 Firmieus
538 1302 604 1324 vm
627 1295 648 1324 4
673 1296 691 1325 7
716 1294 840 1326 Librae
864 1298 971 1336 eaput
995 1305 1053 1326 cor
1078 1295 1239 1326 dextram
1262 1298 1383 1336 peetus
1406 1306 1503 1327 renes
1526 1295 1630 1337 pedes
1654 1306 1746 1328 com-

212 1346 392 1375 memorat.

259 1396 322 1428 532
345 1405 408 1436 pro
429 1395 436 1407 ‘
451 1395 580 1427 Aeetae
595 1396 602 1408 ³
622 1396 695 1438 lege
716 1396 723 1409 ‘
739 1397 867 1428 Phrixo
882 1397 901 1428 '.
950 1398 1044 1438 quod
1063 1400 1257 1429 mactatum
1276 1398 1429 1430 Arietem
1448 1398 1531 1436 dixi,
1551 1409 1591 1430 ea
1609 1398 1748 1431 fabulae

210 1445 324 1478 forma
340 1450 393 1478 est
409 1447 504 1488 apud
520 1447 699 1489 Hyginum
717 1452 798 1480 astr.
817 1458 845 1480 11
862 1450 903 1481 20
921 1453 956 1481 et
972 1449 1077 1481 schol.
1096 1449 1192 1481 Arat.
1211 1451 1286 1481 225.

257 1500 321 1531 534
344 1498 465 1530 melius
492 1498 641 1540 Scaliger
667 1510 766 1531 suam
793 1501 1027 1532 coniecturam
1054 1501 1101 1532 sio
1128 1504 1333 1538 enarrasset,
1364 1501 1495 1542 ‘usque
1522 1501 1609 1533 adeo
1635 1502 1747 1534 uirtus

210 1549 358 1580 hominis
374 1551 513 1591 propria
530 1553 582 1582 est
598 1551 617 1582 ’.

260 1603 323 1634 541
348 1601 436 1633 adde
466 1602 564 1633 Ouid.
595 1613 637 1634 ex
666 1603 766 1634 Pont.
793 1612 830 1635 IV
858 1606 877 1635 5
905 1605 948 1635 22
975 1604 1019 1636 de
1047 1607 1136 1635 tauto
1164 1604 1307 1644 (liquis
1334 1603 1466 1635 consule
1495 1604 1632 1642 rebus,
1671 1604 1746 1636 Val.

211 1651 303 1683 Max.
323 1661 351 1683 11
367 1653 387 1683 2
405 1654 424 1683 6
441 1664 462 1684 a
478 1652 560 1684 luaeu
579 1654 753 1694 perditis
774 1655 947 1686 moribus
963 1655 1007 1687 ad
1022 1656 1235 1687 seuerissima
1255 1655 1421 1686 maiorum
1437 1655 1601 1693 instituta,
1618 1655 1745 1698 Appul.

210 1703 343 1745 Asclep.
363 1705 382 1735 6
400 1704 471 1744 ipse
488 1715 509 1736 a
524 1715 558 1736 se
586 1706 865 1745 superioribus
893 1706 1061 1747 diliyatur.

257 1757 321 1789 542
341 1755 465 1795 perluit
482 1767 561 1788 eum
575 1757 712 1797 pertulit
728 1758 861 1790 confusi
877 1758 1036 1800 exempla
1052 1758 1131 1790 dedi
1148 1758 1215 1790 uol.
1235 1767 1248 1789 1
1264 1769 1295 1800 p.
1315 1758 1373 1789 lvi.

256 1809 319 1840 544
343 1807 432 1844 dant,
450 1808 545 1848 quod
561 1809 669 1849 magis
684 1810 904 1851 perspicuum
920 1813 982 1847 est,
1000 1810 1204 1842 Maekailius
1219 1811 1255 1841 in
1271 1810 1396 1842 litteris
1412 1809 1457 1841 ad
1474 1819 1528 1842 me
1543 1809 1690 1852 scriptis.

255 1860 317 1892 551
342 1859 445 1890 simili
459 1870 571 1891 errore
586 1869 624 1891 1v
639 1862 702 1892 803
715 1861 830 1901 parthi
844 1861 900 1893 sed
915 1860 984 1893 GL2
998 1872 1060 1903 pro
1072 1861 1204 1902 parthis
1219 1865 1247 1893 et
1261 1872 1291 1892 a.

254 1912 318 1943 552
341 1920 390 1950 sq.
411 1911 447 1941 in
464 1919 478 1942 1
495 1912 560 1942 269
578 1922 640 1953 pro
658 1912 726 1944 ictu
743 1912 816 1953 lege
834 1923 922 1944 arcu.
971 1913 1060 1944 adde
1084 1913 1150 1945 Cic.
1171 1913 1267 1944 acad.
1288 1922 1301 1944 Ι
1319 1913 1360 1945 37
1380 1912 1465 1944 inter
1479 1936 1486 1944 .
1505 1937 1511 1944 .
1529 1937 1536 1944 .
1552 1912 1697 1954 officium
1717 1916 1746 1945 et

209 1964 344 1992 contra
366 1961 553 2002 officium
572 1964 622 2003 (τὸ
643 1965 728 2004 παρὰ
746 1966 782 1995 τὸ
802 1965 954 2004 καθῆκον)
975 1964 1084 1996 media
1103 1964 1227 1996 locabat
1245 1963 1418 2004 quaedam,
1438 1963 1523 2005 legg.
1545 1972 1574 1995 Π
1592 1966 1634 1996 55
1654 1967 1746 1996 tanta

207 2011 322 2052 reliqio
342 2016 388 2043 est
408 2013 655 2053 sepulchrorum
676 2018 712 2045 ut
735 2019 842 2046 ecctra
862 2026 975 2047 sacra
996 2019 1029 2047 et
1049 2019 1197 2056 yentem
1216 2015 1335 2057 inferri
1348 2014 1406 2056 fas
1425 2018 1540 2055 neyent
1559 2025 1638 2053 esse,
1659 2015 1744 2048 Gell.

211 2071 235 2094 x
251 2064 294 2094 24
314 2065 327 2095 l
349 2064 400 2095 M.
430 2064 523 2096 Tulli
546 2069 635 2097 aetas
659 2076 696 2097 ac
719 2069 842 2106 [supra
865 2077 946 2098 eam
970 2078 1036 2098 uon
1052 2092 1058 2099 .
1076 2092 1083 2098 .
1101 2092 1107 2099 .
1124 2068 1170 2098 ila
1193 2067 1356 2098 dixerunt.

255 2117 318 2148 555
342 2115 384 2146 de
404 2117 566 2156 genetiuo
587 2117 666 2148 uide
687 2118 793 2149 etiam
816 2118 977 2150 O.C.A.G.
1002 2127 1069 2150 VIII
1090 2119 1125 2150 iv
1146 2129 1178 2160 p.
1205 2119 1266 2150 125
1288 2120 1308 2149 5
1329 2128 1378 2159 sq.
1403 2119 1456 2149 ἐὰν
1484 2119 1558 2149 ὦσιν
1585 2119 1626 2150 τὸ,
1654 2120 1745 2158 φῶτα

206 2168 346 2206 τρίγωνα
362 2168 524 2205 ἀλλήλων.

254 2219 318 2251 556
340 2218 376 2249 in
397 2217 473 2250 Sen.
497 2219 568 2251 H.f.
592 2221 656 2251 552
677 2230 727 2261 sq.
751 2221 970 2253 scribendum
992 2221 1142 2253 arbitror
1162 2232 1229 2253 uon
1250 2220 1319 2253 illic
1339 2221 1508 2262 qeminum
1531 2220 1745 2262 Tyndaridae

207 2278 311 2308 yemis
333 2267 337 2312 Ι
356 2274 552 2301 succurrunt
569 2271 697 2303 timidis
713 2272 818 2304 sidere
835 2274 919 2313 (non
935 2272 1058 2312 sidera)
1075 2272 1230 2304 nauibus.

255 2321 317 2353 561
348 2320 439 2352 Vrna
455 2331 517 2362 pro
534 2322 686 2363 Aquario
703 2324 810 2355 etiam
827 2324 922 2355 anth.
942 2324 1018 2356 Lat.
1038 2324 1129 2356 Ries.
1150 2325 1213 2356 618
1231 2325 1259 2355 6.

255 2372 319 2404 582
342 2371 431 2403 adde
456 2381 483 2403 11
506 2374 571 2404 478
595 2374 706 2405 iunxit
729 2375 935 2406 amicitias
958 2375 1074 2406 horum
1096 2375 1156 2406 sub
1174 2374 1331 2416 soeclere
1353 2377 1445 2406 certo.

254 2424 316 2455 591
341 2422 469 2454 Phaed.
488 2433 531 2454 111
548 2426 567 2456 9
587 2426 601 2455 1
621 2425 757 2465 uulyare
774 2426 876 2457 amici
893 2436 1012 2458 nomen
1028 2426 1083 2458 sed
1099 2436 1177 2458 rara
1193 2430 1238 2458 est
1248 2425 1343 2467 fide-3.

253 2474 316 2505 599
343 2472 350 2485 ‘
365 2473 412 2504 sic
428 2473 461 2505 J.
481 2475 605 2506 Caesar
620 2476 656 2507 in
673 2476 774 2508 Curia
791 2477 836 2508 ab
853 2478 972 2508 amieis
989 2478 1120 2509 occisus
1136 2477 1206 2509 fuit
1221 2477 1228 2489 '
1247 2477 1372 2518 Fayus.

253 2524 316 2556 600
340 2524 497 2556 similiter
529 2526 647 2558 Liuius
672 2527 775 2559 semel
803 2537 816 2559 1
840 2529 883 2560 43
909 2530 928 2560 8
955 2528 1150 2560 centuria..
1168 2553 1175 2559 .
1192 2528 1354 2560 immunis
1377 2527 1540 2564 militia,
1565 2530 1743 2569 praeterea

207 2573 336 2614 ubique
352 2577 563 2615 genetiuum,
582 2580 622 2608 ut
638 2587 690 2609 vn
708 2580 726 2609 7
744 2581 763 2609 5
781 2579 946 2610 immunes
961 2604 968 2611 .
986 2604 993 2610 .
1011 2604 1017 2611 .
1034 2590 1180 2620 operum«.

253 2626 318 2658 602
340 2624 448 2657 uincit
465 2626 581 2664 GL²M‚
599 2627 716 2660 uincat
732 2629 768 2667 L,
785 2629 930 2661 uincunt
946 2630 1029 2662 Ven.

253 2677 318 2709 604
340 2676 412 2717 lege
432 2677 439 2689 ‘
453 2686 519 2718 pax
534 2678 842 2720 Regiomontanus,
860 2690 937 2722 pars
954 2681 1031 2712 libri
1122 2683 1173 2713 est
1189 2681 1348 2722 Scaliger,
1366 2683 1399 2712 et
1413 2680 1515 2712 libri.'

253 2728 316 2760 605
333 2727 417 2768 fidei
439 2730 619 2770 anapaesti
643 2730 784 2763 modulo
806 2732 957 2764 traditur
979 2733 1016 2764 in
1039 2733 1210 2774 corruptis
1235 2733 1339 2764 Ennii
1362 2731 1475 2764 uerbis
1497 2731 1641 2772 reliquae
1657 2730 1743 2772 fidei

205 2787 302 2817 reque
319 2778 406 2810 Non.
426 2790 458 2820 p.
480 2781 551 2811 112.

252 2831 315 2862 817
338 2839 388 2870 sq.
408 2830 497 2862 adde
516 2831 651 2864 diuersa
669 2833 918 2874 significatione
936 2836 1052 2876 posita
1070 2845 1154 2875 opus
1174 2835 1298 2875 eriqere
1319 2834 1418 2866 Ouid.
1440 2837 1521 2865 met.
1543 2842 1606 2865 XIV
1624 2834 1689 2864 268
1707 2836 1742 2865 et
