1855 3088
183 119 238 159 42
773 118 834 161 M.
868 118 1002 162 MAN
1005 118 1118 161 ILII

218 238 286 269 325
341 231 477 272 forma
496 246 570 286 per
589 231 785 273 heredem
804 236 976 274 tantum
995 237 1093 287 post
1112 232 1202 273 fata
1222 232 1424 283 sonantis,

343 321 427 361 qua
447 306 663 361 quondam
682 321 961 362 somnumque
980 307 1077 348 feris
1099 306 1298 361 Oeagrius
1320 306 1510 362 Orpheus

342 385 385 421 et
404 394 549 422 sensus
569 381 749 435 scopulis
769 386 812 422 et
832 381 946 422 siluis
965 381 1132 422 addidit
1151 395 1272 423 aures

342 459 386 496 et
403 454 496 495 Diti
515 454 722 497 lacrumas
742 460 785 497 et
804 455 932 497 morti
951 455 1131 510 denique
1150 456 1290 497 finem.

341 528 439 570 hinc
458 529 630 570 uenient
649 530 765 571 uocis
784 530 905 571 dotes
925 530 1188 585 chordaeque
1208 529 1398 571 sonantis

217 609 286 642 330
341 603 590 659 garrulaque
611 604 654 645 in
673 604 866 646 modulos
885 604 1051 646 diuersa
1070 604 1177 646 tibia
1196 604 1332 646 forma

181 784 287 813 tenero
308 791 408 822 quam
431 782 511 814 lusit
534 783 572 814 in
595 793 676 814 aeuo
699 781 704 826 Ι
726 783 927 821 Mercurius,
949 794 1054 815 curua
1076 783 1221 824 reliqans
1244 783 1405 815 testudine
1425 782 1571 815 chordas.
1616 786 1712 814 testu-

179 832 292 864 dinem
318 833 480 865 Manilius
507 835 613 865 etiam
641 834 762 866 Cancri
789 838 915 874 χέλειον
945 835 1136 876 appellauit
1163 844 1191 866 11
1220 835 1282 868 199
1374 837 1438 868 325
1464 836 1541 875 post
1565 833 1639 865 fata.
1665 833 1712 872 M,

179 883 334 924 praefata
365 883 430 922 GL,
462 884 598 926 profata
628 886 702 917 cod.
736 886 889 918 Venetus
980 886 1138 923 heredem,
1170 886 1389 923 Mercurium,
1421 886 1481 926 qui
1511 886 1643 927 primus
1674 895 1715 916 ea

179 939 259 976 post
279 937 529 976 cognominem,
550 937 606 968 cui
623 938 746 968 innata
764 940 850 974 erat,
870 937 1131 978 quadrupedem
1150 938 1284 978 potitus
1303 940 1365 968 est.
1413 940 1506 968 recte
1526 936 1714 974 Bentleius,

178 986 239 1017 sed
255 997 325 1018 non
340 990 432 1018 recte
448 987 539 1018 idem
556 991 695 1025 tantum,
713 988 808 1029 quod
823 991 876 1020 est
892 988 1128 1025 tantummodo,
1145 999 1207 1030 pro
1224 988 1396 1019 adiectiuo
1413 988 1556 1029 accepit.
1595 987 1716 1019 fabula

180 1037 364 1078 dupliciter
389 1038 541 1070 traditur
567 1039 671 1070 Hom.
699 1040 819 1080 hymn.
847 1040 949 1071 Merc.
979 1041 1084 1071 24—51
1114 1043 1149 1071 et
1175 1040 1269 1071 Seru.
1297 1049 1410 1080 georg.
1438 1048 1476 1070 1v
1501 1040 1566 1071 463
1655 1049 1716 1079 per

180 1088 326 1120 heredem
344 1093 472 1120 tantum
487 1093 561 1130 post
573 1090 650 1131 fata
665 1091 829 1128 sonantis,
847 1101 931 1122 nam
948 1094 1030 1122 ante
1047 1094 1146 1122 muta
1162 1091 1240 1122 fuit.
1289 1091 1393 1122 Hom.
1412 1091 1531 1132 hymn.
1550 1090 1652 1122 Merc.
1671 1091 1715 1122 38

180 1142 217 1179 ἣν
242 1142 275 1171 δὲ
300 1143 412 1181 θάνῃσ,
440 1143 510 1173 τότε
534 1154 587 1172 κεν
610 1143 698 1180 μάλα
723 1144 821 1173 καλὸν
846 1144 979 1180 ἀείδοισ,
1004 1142 1109 1184 Soph.
1127 1142 1216 1174 ichn.
1236 1142 1334 1183 (frag.
1353 1143 1417 1174 314
1436 1143 1500 1174 293
1516 1141 1568 1173 ed.
1587 1141 1715 1179 Pears.,

180 1202 260 1233 pap.
289 1192 376 1233 Oxy.
403 1201 442 1223 IX
466 1203 499 1234 p.
525 1195 581 1233 55)
607 1196 710 1224 θανὼν
734 1195 797 1234 ’γὰρ
820 1196 898 1233 ἔσχε
928 1196 1036 1233 φωνὴν
1064 1196 1123 1231 ζῶν
1152 1194 1178 1224 δ’
1203 1196 1343 1224 ἅναυδοσ
1367 1196 1404 1232 ἦν
1431 1194 1446 1224 ὸ
1471 1195 1539 1234 θήρ,
1566 1193 1713 1225 Nicand.

179 1242 267 1274 alex.
293 1244 357 1275 560
385 1254 460 1284 sqq.
487 1245 665 1284 (χελώνησ)
690 1247 816 1285 ούρείησ
840 1247 1059 1284 κυτισηνόμου,
1089 1248 1127 1283 ἥν
1150 1245 1178 1276 τ’
1203 1246 1348 1283 ἀκάκητα
1370 1243 1374 1287 Ι
1394 1246 1576 1283 αὐδήεσσαν
1601 1247 1714 1283 ἔθηκεν

181 1296 355 1333 ἀναύδητόν
385 1307 444 1336 περ
472 1298 585 1326 ἐοῦσαν
608 1294 791 1338 ΙἙρμείησ,
820 1297 917 1328 anth.
947 1296 1024 1328 Lat.
1054 1296 1146 1328 Ries.
1173 1297 1238 1328 286
1262 1297 1303 1328 77
1329 1296 1498 1336 (testudo)
1522 1296 1607 1327 uiua
1628 1295 1716 1327 nihil

180 1345 263 1383 dixi,
286 1356 369 1386 quae
391 1346 439 1378 sic
461 1347 555 1378 modo
577 1351 707 1378 mortua
728 1351 823 1378 canto
915 1350 980 1380 326
1001 1356 1163 1379 somnum
1183 1347 1230 1385 M,
1253 1347 1348 1388 quod
1369 1357 1412 1379 ex
1433 1347 1530 1378 Voss.
1555 1348 1619 1379 390
1641 1348 1717 1388 (qui

179 1407 215 1428 re
232 1407 315 1428 uera
331 1408 475 1428 smmum
492 1398 612 1438 habet)
632 1398 809 1430 Bentleius
826 1399 1020 1436 rettulerat,
1038 1398 1191 1430 sonitum
1207 1398 1272 1437 GL,
1291 1407 1415 1430 sonum
1431 1409 1494 1440 pro
1510 1398 1716 1440 glossemate

181 1447 207 1479 L
297 1448 378 1480 feris
397 1449 575 1481 Bentleius
593 1453 628 1481 et
647 1450 774 1481 Iacobo
797 1453 887 1481 teste
909 1450 946 1481 P.
967 1450 1144 1487 Francius,
1162 1449 1275 1482 ferens
1298 1450 1386 1487 libri,
1405 1449 1552 1481 sonitum
1574 1449 1717 1491 referens

181 1499 373 1537 Reinesius,
404 1500 464 1531 sed
494 1501 566 1531 iure
597 1500 775 1532 Bentleius
807 1502 996 1532 ‘continuo
1025 1504 1105 1542 post
1134 1501 1286 1532 sonantis
1316 1501 1442 1532 addere
1471 1501 1618 1532 sonitum
1646 1511 1717 1532 non

182 1554 307 1592 poetae
336 1554 388 1582 est
417 1551 629 1592 uigilantis'.
678 1562 893 1593 quamquam
923 1563 1064 1584 somnus
1092 1552 1172 1584 feris
1202 1552 1294 1589 addi,
1324 1562 1414 1593 quae
1443 1553 1549 1583 etiam
1578 1555 1717 1584 tacente

183 1602 320 1643 Orpheo
346 1602 447 1634 facile
474 1603 747 1640 obdormiscunt,
776 1614 846 1635 non
873 1605 957 1635 satis
984 1604 1121 1645 proprie
1148 1604 1216 1635 dici
1242 1603 1393 1641 uidetur,
1421 1607 1462 1635 ut
1488 1607 1523 1635 et
1550 1603 1716 1635 Francius

181 1656 217 1684 et
240 1653 416 1685 Bentleius
438 1657 577 1685 mentem
598 1654 808 1692 maluerint;
843 1655 910 1686 alia
932 1656 1024 1686 enim
1045 1665 1097 1686 res
1119 1658 1171 1686 est
1192 1655 1287 1695 quod
1308 1655 1488 1686 uenenatis
1509 1654 1717 1686 animalibus

182 1714 343 1735 somnum
355 1705 490 1736 faciunt
501 1706 764 1737 incantamenta
774 1706 873 1746 Verg.
886 1706 971 1737 Aen.
984 1715 1037 1737 VH
1050 1707 1113 1738 753
1128 1716 1191 1746 sq.‚
1205 1716 1316 1746 neque
1327 1705 1510 1746 significari
1520 1716 1619 1747 posse
1629 1709 1717 1747 puto

182 1755 277 1796 quod
303 1756 408 1797 Orph.
432 1756 511 1797 Arg.
539 1758 689 1788 1001-15
713 1760 885 1794 narratur,
910 1757 1094 1788 draconem
1117 1756 1253 1788 uelleris
1273 1757 1368 1788 aurei
1389 1757 1569 1788 custodem
1589 1757 1717 1798 Orphei

183 1807 334 1838 carmine
354 1808 507 1848 sopitum
528 1818 609 1839 esse.
658 1808 719 1839 sed
738 1812 819 1849 apte
836 1808 974 1840 Ellisius
992 1808 1173 1839 Hermath.
1192 1819 1246 1839 an.
1268 1809 1351 1840 1893
1368 1819 1400 1849 p.
1419 1809 1483 1840 283
1500 1810 1718 1850 comparauit

183 1858 279 1889 anth.
299 1857 355 1889 Gr.
375 1859 523 1900 append.
543 1859 686 1900 Cougnii
702 1868 715 1890 1
734 1861 794 1891 197
812 1860 877 1890 2-4
894 1859 1034 1899 (Bullet.
1054 1870 1138 1891 corr.
1157 1859 1247 1890 Heli.
1268 1861 1352 1891 1878
1368 1870 1403 1900 p.
1420 1861 1499 1900 401)
1514 1858 1635 1900 Ὀρφέα.
1653 1884 1660 1891 .
1680 1884 1687 1892 .
1711 1884 1718 1892 .

181 1911 219 1940 ὃσ
244 1912 346 1949 θῆρασ
374 1912 425 1940 καὶ
451 1911 561 1950 δένδρα
588 1912 639 1941 καὶ
664 1912 781 1951 ἑρπετὰ
809 1913 861 1942 καὶ
885 1913 1025 1949 πετεηνὰ
1046 1909 1050 1954 Ι
1071 1911 1164 1951 φωνῇ
1190 1914 1240 1942 καὶ
1265 1912 1379 1952 χειρῶν
1404 1913 1544 1949 κοίμισεν
1571 1912 1715 1952 ἁρμονίῃ,

183 1971 295 2001 neque
314 1961 465 1992 alienum
485 1965 537 1993 est
556 1962 651 2002 quod
671 1962 763 1993 idem
783 1966 875 1993 noct.
898 1962 989 1993 Man.
1011 1973 1044 2004 p.
1066 1963 1127 1994 183
1144 1973 1186 1993 ex
1207 1961 1353 1994 Callistr.
1375 1962 1489 2003 ecphr.
1514 1963 1532 1993 7
1554 1963 1574 1994 3
1596 1963 1718 1995 attulit

183 2014 319 2043 λεόντων
347 2014 508 2052 ἄτεγκτοσ
535 2016 636 2052 φύσισ
663 2015 745 2053 πρὸσ
772 2015 830 2052 τὴν
859 2015 1008 2053 ἁρμονίαν
1036 2015 1258 2052 κατηυνάζετο.
1307 2016 1460 2044 ceterum
1486 2024 1556 2045 non
1583 2013 1717 2055 longius

183 2074 204 2094 a
225 2063 349 2094 litteris
368 2064 497 2095 recedit
515 2063 634 2105 fretis
658 2065 736 2105 (hoc
755 2068 807 2096 est
820 2064 940 2106 frena),
961 2065 1002 2096 de
1021 2075 1090 2106 quo
1108 2065 1187 2096 uide
1206 2064 1366 2096 Philostr.
1387 2065 1488 2105 imag.
1511 2066 1551 2096 15
1571 2066 1586 2096 l
1608 2067 1716 2106 θέλ-γει

184 2117 241 2153 τὴν
277 2117 440 2146 θάλατταν
476 2115 615 2156 Ὀρφεὺσ
650 2116 747 2155 ᾄδων,
786 2117 805 2154 ὴ
840 2118 873 2147 δὲ
908 2118 1011 2147 ἀκούει
1047 2118 1099 2147 καὶ
1132 2117 1192 2147 ὑπὸ
1224 2115 1263 2155 τῇ
1297 2115 1360 2156 ᾠδῇ
1394 2118 1494 2147 κεῖται
1528 2117 1543 2147 ὀ
1575 2118 1714 2155 Πόντοσ,

186 2166 291 2207 Orph.
317 2166 396 2207 Arg.
424 2168 507 2198 1007
531 2177 580 2207 sq.
607 2169 765 2206 κοιμήσασ
788 2167 943 2208 (Ὕπνοσ)
962 2192 968 2198 .
989 2192 996 2198 .
1017 2192 1023 2198 .
1043 2170 1168 2205 κύματα,
1196 2169 1321 2204 πόντου,
1347 2166 1474 2198 Simon.
1499 2167 1584 2208 frag.
1610 2169 1651 2200 37
1678 2170 1718 2200 15

186 2217 309 2258 Bergk.
336 2218 392 2257 (13
419 2219 459 2248 18
485 2217 612 2257 Diehl.)
637 2220 752 2249 εὑδέτω
777 2220 810 2250 δὲ
836 2220 967 2255 miv-roff,
987 2218 1112 2250 similia
1203 2217 1359 2258 oeagrius
1377 2217 1466 2256 L2M,
1487 2227 1526 2250 oe
1545 2218 1659 2259 graius
1679 2218 1718 2258 G,

185 2267 319 2309 oegrius
345 2268 370 2299 L
463 2271 526 2302 327
552 2278 672 2301 36113113
698 2269 763 2308 GL,
790 2271 908 2301 tensus
934 2271 998 2310 (ita
1024 2269 1106 2301 Vrb.
1135 2270 1198 2301 667
1225 2272 1260 2300 et
1286 2269 1383 2300 Voss.
1411 2270 1489 2309 390)
1516 2269 1572 2301 uel
1597 2278 1720 2302 census

186 2319 282 2359 (Vrb.
304 2320 381 2359 668)
401 2319 437 2351 Μ
529 2322 592 2353 328
604 2320 710 2361 finem
728 2324 768 2352 ut
787 2321 871 2352 Hor.
893 2324 957 2352 art.
978 2321 1042 2353 406
1062 2321 1233 2361 lonqorum
1250 2331 1387 2360 operum
1398 2320 1496 2361 finis,
1513 2330 1603 2361 quae
1618 2321 1719 2353 finita

184 2374 304 2402 tamen
324 2371 492 2402 redeunt:
527 2372 578 2402 ita
591 2371 694 2412 finire
715 2372 885 2403 tristitiam.
905 2383 1008 2403 carm.
1030 2381 1044 2403 1
1064 2373 1082 2403 7
1106 2374 1144 2403 17
1165 2382 1215 2413 sq.
1265 2372 1341 2403 dico
1361 2374 1502 2413 propter
1522 2372 1719 2404 Bentleium

276 2424 429 2455 329—338
444 2422 530 2453 facit
546 2422 638 2464 Lyra
654 2427 824 2461 cantores,
841 2423 1006 2460 fidicines,
1023 2423 1193 2461 tibicines,
1211 2424 1361 2454 musicae
1377 2423 1522 2454 deditos.
1563 2423 1718 2456 Maneth.

187 2481 215 2504 Π
228 2473 358 2504 329—34
372 2473 559 2505 Mercurius
572 2475 608 2505 in
621 2475 762 2506 Veneris
775 2476 890 2516 signis,
904 2485 1053 2515 quorum
1066 2474 1215 2506 alterum
1228 2474 1332 2505 Libra
1345 2477 1408 2511 est,
1423 2476 1517 2512 θῆκεν
1531 2498 1538 2505 .
1555 2499 1561 2506 .
1577 2499 1584 2505 .
1600 2477 1718 2513 αἱμύλα

186 2526 407 2555 κωτίλλοντασ
428 2523 431 2567 Ι
452 2527 608 2563 παντοίησ
631 2528 756 2564 μούσησ
779 2526 807 2556 τ’
836 2529 1037 2567 ἐπιίστορασ·
1065 2528 1084 2565 ἦ
1111 2528 1174 2566 ’γὰρ
1201 2528 1329 2557 domoon
1352 2524 1356 2569 Ι
1379 2527 1513 2557 εὐκλέασ
1537 2528 1557 2564 ἢ
1584 2528 1719 2567 κιθάρησ

187 2577 396 2616 ὑποφήτορασ
417 2578 618 2614 ἐξετέλεσσεν
638 2576 642 2618 Ι
657 2579 694 2615 ἠὲ
709 2580 814 2615 μελῶν
834 2580 966 2616 μολπῆσ
986 2580 1139 2617 εὐρύθμου
1157 2580 1332 2618 τεύκτορασ
1351 2579 1472 2618 ἅνδρασ
1489 2575 1493 2619 Ι
1510 2579 1546 2616 ἠὲ
1562 2580 1718 2618 πολυτρή-

186 2640 256 2658 τοισ
278 2629 398 2667 λιγέωσ
414 2629 602 2665 μέλποντασ·
625 2630 656 2659 ἐν
682 2630 794 2660 αὑλοΐσ
886 2631 950 2661 329
966 2628 1060 2660 uocis
1076 2628 1172 2660 dotes
1188 2629 1499 2669 RegiomontanuS‚
1514 2637 1616 2660 uoces
1632 2628 1720 2660 dotis

185 2678 264 2710 libri
355 2677 501 2710 chordae
514 2679 712 2719 PingraeuS‚
727 2679 851 2711 boreae
863 2679 910 2718 M,
923 2679 1046 2712 boreae
1059 2679 1113 2712 GL
1130 2680 1204 2711 cod.
1219 2680 1384 2717 Venetus,
1397 2679 1492 2720 quod
1508 2683 1549 2711 ut
1564 2683 1722 2711 tueretur

187 2730 317 2761 frustra
346 2730 495 2770 Scaliger
522 2729 705 2771 adscripsit
732 2731 911 2772 Typhonis
938 2731 1045 2762 uerba
1073 2732 1187 2763 Nonn.
1216 2731 1317 2762 Dion.
1348 2739 1362 2762 1
1389 2732 1453 2762 442
1482 2741 1546 2771 sq.‚
1575 2731 1720 2763 citharae

188 2780 365 2812 Bentleius
392 2784 434 2812 ut
461 2789 498 2811 IV
526 2782 590 2812 528
618 2781 772 2822 uocisque
800 2782 894 2813 boreis
921 2782 1127 2823 citharaeque
1154 2782 1305 2813 ,sonantis
1397 2784 1461 2815 330
1489 2790 1553 2823 que
1580 2781 1617 2813 in
1643 2782 1718 2813 cod.

187 2833 340 2864 Venetus
364 2833 453 2864 sicut
476 2834 668 2864 coniecerat
692 2833 856 2865 Barthius
879 2834 958 2865 adu.
984 2845 1017 2875 p.
1042 2835 1118 2871 296,
1142 2843 1206 2874 que
1229 2833 1275 2872 M,
1299 2842 1386 2874 quae
1409 2832 1463 2865 GL
1553 2833 1719 2865 tibiarum
