1855 3088
173 87 230 134 '86
765 94 826 136 Μ.
859 94 1110 138 MANILII

335 204 437 260 quin
456 205 586 247 etiam
604 219 779 260 magnas
797 210 1001 261 poterunt
1020 206 1227 248 celebrare
1246 207 1400 249 salinas

334 284 377 321 et
396 284 577 334 pontum
596 294 773 335 coquere
793 285 836 322 et
855 281 976 335 ponti
996 296 1205 323 secernere
1225 282 1352 332 uirus,

335 368 431 395 cum
450 354 631 395 solidum
650 360 764 396 certo
785 355 1034 397 distendunt
1053 356 1239 411 margine
1259 371 1458 411 campum

210 435 278 466 685
334 428 636 483 adpelluntque
657 443 731 470 suo
752 429 984 471 deductum
1003 445 1055 471 ex
1074 445 1255 485 aequore
1273 430 1451 472 fluctum

334 502 652 558 claudendoque
671 509 829 558 negant
847 504 1011 546 abitum
1030 519 1038 546 :
1074 505 1133 546 sic
1153 504 1328 560 suscipit
1346 505 1483 547 undas

333 591 430 618 area
451 582 494 618 et
513 583 636 632 epoto
655 592 730 632 per
749 578 879 619 solem
897 593 1042 620 umore
1061 578 1243 621 nitescit.

334 651 571 706 congeritur
591 652 748 693 siccum
766 653 939 708 pelagus
958 653 1196 708 mensisque
1215 653 1414 708 profundi

333 726 508 767 canities
527 727 705 768 detonsa
724 727 864 778 maris,
886 742 1145 783 spumaeque
1163 728 1336 783 rigentis

171 849 231 891 qui
255 850 511 882 nominatiuum
535 853 716 891 quaereret
739 851 826 883 tabes
849 851 980 889 fecisse,
1006 852 1130 884 deinde
1153 851 1318 893 liquidam
1341 851 1564 884 substantiuo
1588 861 1709 883 carens

171 901 216 932 ad
255 900 416 932 medullas
455 902 758 934 accommodatum
796 912 880 934 esse.
928 906 1082 934 ceterum
1122 903 1283 934 Becherti
1322 913 1426 934 causa
1465 903 1708 934 adnotandum

169 954 223 984 est
246 952 437 983 Charisium
459 952 589 984 G.L.K.
614 961 627 984 1
648 964 681 994 p.
705 954 747 985 32
767 955 786 985 7
808 954 933 994 (Barw.
952 965 984 995 p.
1004 955 1045 985 33
1070 955 1124 993 ll)
1147 955 1235 985 tabes
1254 955 1346 986 inter
1367 964 1502 995 semper
1522 953 1710 995 singularia

170 1003 346 1035 rettulisse
437 1005 502 1036 682
530 1004 671 1041 salinas,
703 1006 878 1045 ἁλοπήγια,
909 1016 1016 1046 quam
1046 1005 1129 1036 salis
1159 1005 1309 1036 faciendi
1339 1005 1511 1037 rationem
1545 1004 1711 1036 describit

172 1054 325 1086 Rutilius
356 1055 589 1086 Namatianus
619 1056 776 1087 uersibus
807 1056 852 1087 ab
883 1056 1016 1088 Huetio
1047 1056 1176 1088 adlatis
1207 1065 1221 1087 I
1251 1057 1383 1088 475-84
1413 1055 1576 1088 subiectas
1606 1056 1710 1088 uillae

171 1109 269 1137 uacat
294 1110 460 1145 aspectare
485 1105 627 1143 salinas,
649 1103 654 1148 Ι
673 1117 815 1148 namque
840 1107 898 1138 hoc
923 1111 1071 1139 censetur
1096 1108 1231 1139 nomine
1255 1107 1347 1138 salsa
1369 1107 1482 1148 palus,
1506 1105 1595 1150 {qua
1620 1117 1711 1138 mare

171 1157 309 1188 terrenis
335 1157 461 1188 decliue
487 1158 661 1189 canalibus
688 1156 792 1189 intrat
813 1157 817 1201 Ι
837 1158 1081 1200 multifidosque
1107 1159 1200 1190 lacus
1224 1159 1373 1199 paruula
1393 1158 1490 1200 fossa
1515 1157 1611 1198 riqat.
1636 1156 1712 1201 {ast

171 1207 231 1239 ubi
245 1209 428 1249 flayrantes
450 1208 600 1239 admouit
621 1208 736 1240 Sirius
758 1208 861 1250 iqnes,
885 1208 889 1252 Ι
908 1220 984 1241 cum
1003 1210 1131 1250 pallent
1153 1209 1279 1247 herbae,
1295 1220 1371 1241 cum
1385 1209 1458 1241 sitit
1472 1209 1582 1241 omnis
1597 1219 1685 1249 aqer,
1704 1207 1709 1253 Ι

171 1262 242 1290 tum
274 1262 515 1291 cataractarum
547 1258 702 1291 claustris
735 1259 920 1292 excluditur
953 1271 1083 1302 aequor,
1106 1259 1110 1304 Ι
1130 1264 1166 1292 ut
1192 1261 1282 1303 fixos
1315 1260 1428 1293 latices
1460 1259 1587 1292 torrida
1619 1260 1712 1291 duret

171 1310 302 1342 humus.
327 1308 543 1353 'concipiunt
574 1321 681 1343 acrem
710 1311 831 1343 uatiua
860 1312 998 1352 coaqula
1027 1312 1196 1344 Phoebum
1217 1309 1222 1354 Ι
1242 1316 1270 1343 et
1298 1311 1417 1352 qrauis
1445 1311 1572 1344 aestiuo
1602 1315 1713 1343 crusta

171 1362 277 1393 calore
301 1360 375 1394 coit.
423 1362 513 1394 adde
539 1362 627 1394 Plin.
655 1363 725 1395 n.h.
754 1372 848 1394 XXXI
876 1364 916 1395 73
943 1367 979 1395 et
1006 1365 1043 1395 81
1139 1366 1203 1397 683
1228 1372 1373 1405 coquere
1398 1365 1433 1396 et
1458 1363 1496 1403 G,
1524 1364 1712 1404 quoqueret

171 1412 245 1452 LM,
270 1414 411 1445 tertiam
436 1423 454 1445 e
478 1413 615 1445 addidit
638 1414 679 1445 L²
768 1414 864 1446 uirus
888 1414 1049 1456 Scaliger,
1074 1414 1165 1447 uires
1187 1414 1278 1452 libri,
1303 1414 1398 1456 quod
1421 1417 1462 1447 ut
1485 1415 1567 1446 ferri
1590 1415 1712 1456 possit,

171 1464 320 1496 alterum
349 1464 460 1496 multo
487 1465 597 1506 magis
624 1466 802 1506 proprium
829 1469 905 1497 est:
947 1466 1027 1497 uide
1055 1466 1119 1498 690
1146 1476 1196 1507 sq.
1225 1476 1392 1497 uenenum
1419 1469 1455 1497 et
1480 1476 1558 1497 suco
1585 1475 1711 1502 amaro,

172 1515 272 1547 Lucr.
299 1524 313 1546 1
338 1517 402 1548 718
426 1526 476 1556 sq.
504 1526 624 1556 aequor
640 1541 647 1548 .
668 1542 674 1549 .
694 1541 701 1548 .
721 1516 871 1557 asparyit
894 1516 1003 1554 uirus,
1030 1525 1059 1548 11
1082 1518 1147 1548 476
1172 1528 1224 1558 sq.
1251 1516 1398 1557 linquit.
1418 1542 1425 1549 .
1445 1542 1452 1549 .
1470 1527 1593 1557 supera
1617 1514 1714 1548 taetri

170 1566 359 1606 primordia
389 1566 472 1604 uiri,
504 1576 526 1598 v
557 1567 623 1598 269
653 1571 689 1599 et
720 1576 759 1599 VI
790 1568 853 1600 635
882 1569 1093 1607 percolatur.
1113 1593 1120 1600 .
1141 1593 1148 1600 .
1166 1567 1265 1600 uirus
1296 1570 1422 1609 (aquae
1453 1568 1622 1607 marinae)

218 1620 282 1651 684
298 1617 454 1655 solidum,
471 1618 632 1659 pauitum
722 1618 919 1650 distendunt
935 1619 987 1656 L2‚
1005 1618 1200 1650 distendant
1216 1619 1281 1658 GL,
1299 1618 1501 1660 discyndant
1517 1621 1558 1651 ut
1574 1618 1714 1650 uidetur

173 1669 209 1700 M
234 1670 319 1709 (non
345 1668 551 1706 discendant,
578 1669 673 1710 quod
698 1669 831 1701 habent
857 1670 939 1702 Vrb.
969 1671 1033 1701 667
1059 1673 1095 1702 et
1122 1671 1200 1709 668)
1293 1673 1446 1704 685—687
1471 1670 1626 1702 adducta
1651 1680 1714 1711 per

172 1720 310 1752 canales
330 1731 422 1761 aqua
444 1721 578 1752 marina
599 1724 635 1752 et
655 1721 766 1752 redire
786 1721 936 1752 inhibita
957 1723 1005 1753 sic
1027 1732 1151 1763 campo
1172 1724 1255 1753 ante
1276 1724 1484 1763 praeparato
1503 1721 1714 1759 infunditur,

172 1772 233 1812 qui
249 1772 319 1803 sole
337 1783 414 1803 eam
431 1772 583 1804 siccante
601 1775 718 1804 crusta
733 1772 816 1804 salis
833 1773 987 1814 operitur
1078 1776 1142 1807 685
1158 1773 1333 1814 adpellunt
1349 1773 1509 1814 Scaliger,
1527 1772 1571 1804 ad
1586 1772 1714 1804 bellum

171 1823 251 1854 libri
341 1823 525 1855 deductum
553 1823 619 1862 GL,
648 1823 826 1855 diductum
853 1824 889 1855 M
979 1833 1021 1856 ex
1048 1823 1129 1863 GL2,
1159 1826 1193 1856 et
1220 1824 1283 1857 LM
1375 1827 1439 1858 686
1467 1824 1600 1856 abitum
1628 1825 1713 1864 (tum

172 1873 329 1914 suscipit)
354 1874 519 1905 Barthius
541 1875 621 1906 adu.
647 1886 680 1916 p.
705 1876 782 1912 378,
805 1877 882 1907 tum
903 1874 1005 1912 libri;
1042 1875 1090 1907 sic
1104 1876 1133 1914 *,
1158 1875 1297 1907 demum
1318 1875 1398 1907 libri
1420 1876 1523 1907 metri
1545 1885 1652 1907 causa
1673 1877 1716 1906 ut

174 1925 323 1963 uidetur,
345 1936 424 1957 cum
445 1925 502 1956 abi
519 1929 601 1967 post
621 1930 689 1963 ant,
710 1925 759 1957 sic
779 1929 862 1958 ante
882 1937 922 1957 su
942 1927 1187 1958 intercidisset.
1235 1930 1327 1958 certe
1347 1931 1417 1958 tum
1437 1927 1568 1959 demum
1587 1927 1715 1968 impor-

173 1979 299 2008 tunum
321 1980 385 2013 est,
403 1986 447 2007 ne
468 1981 538 2008 tum
559 1977 701 2017 quidem
722 1977 1037 2014 accommodatum,
1056 1978 1122 2008 nisi
1138 1977 1311 2009 scribatur
1327 1978 1425 2009 uelut
1441 1977 1582 2009 succidit
1597 1976 1714 2015 unda3

173 2028 404 2059 necessarium
426 2031 545 2059 autem
568 2027 695 2059 abitum
716 2028 772 2059 uel
793 2028 904 2059 simile
926 2028 1070 2070 aliquid,
1093 2039 1175 2060 nam
1191 2029 1335 2070 fluctum
1355 2033 1475 2069 neqant
1497 2039 1598 2060 sensu
1621 2031 1716 2060 caret

173 2089 285 2120 neque
306 2079 456 2120 Scaliger
474 2078 568 2110 locos
587 2079 648 2111 ubi
668 2079 768 2111 adest
788 2079 929 2111 datiuus
950 2090 1150 2121 comparare
1171 2080 1303 2112 debuit.
1350 2080 1456 2120 liyant
1475 2079 1715 2121 Rossbergius,

173 2130 269 2171 quod
283 2134 323 2161 ut
337 2141 407 2161 non
421 2141 504 2161 sane
519 2134 653 2172 aptum,
668 2131 720 2162 ita
734 2131 848 2162 minus
862 2131 1020 2172 ineptum
1035 2134 1088 2162 est
1102 2142 1209 2172 quam
1223 2142 1313 2172 quae
1328 2131 1476 2163 Iacobus
1490 2134 1526 2163 et
1540 2131 1716 2162 Breiterus

173 2181 395 2213 coniecerunt
486 2184 550 2215 687
563 2190 644 2214 area
656 2181 747 2213 Flor.
763 2185 798 2213 et
813 2181 926 2219 Bodl„
940 2191 1026 2223 aepa
1039 2181 1130 2214 GLM
1144 2183 1219 2223 (sed
1231 2182 1243 2214 i
1256 2192 1361 2224 supra
1373 2191 1394 2224 p
1408 2183 1536 2224 scripto
1550 2181 1631 2221 GL),
1645 2191 1713 2213 om.

174 2232 249 2264 cod.
266 2233 430 2264 Venetus.
478 2243 556 2264 area
573 2236 609 2264 et
626 2243 704 2264 aera
721 2233 867 2264 confusa
884 2236 967 2265 sunt
984 2233 1074 2265 Stat.
1094 2233 1200 2264 Theb.
1220 2242 1259 2264 VI
1276 2234 1329 2271 57,
1350 2233 1450 2265 Ouid.
1470 2236 1552 2265 met.
1571 2242 1610 2265 VI
1626 2233 1690 2265 350
1706 2244 1715 2270 3

174 2284 254 2315 uide
266 2284 373 2315 etiam
385 2284 472 2316 thes.
486 2283 567 2325 ling.
583 2283 660 2315 Lat.
675 2293 704 2315 11
714 2295 748 2325 p.
762 2285 827 2316 496
841 2285 892 2316 70.
940 2294 1036 2316 areas
1047 2284 1237 2316 salinarum
1249 2287 1523 2316 commemorant
1535 2284 1716 2316 Vitruuius

174 2343 243 2366 VIII
260 2336 279 2366 3
301 2336 340 2366 10
359 2338 394 2366 et
413 2335 601 2366 Columella
619 2343 648 2366 11
664 2336 684 2366 2
705 2336 745 2367 16
761 2348 768 2373 ;
800 2335 907 2367 talem
926 2339 1044 2367 autem
1062 2346 1183 2367 uocem
1200 2336 1345 2377 requirit
1362 2335 1553 2367 nitescendi
1570 2335 1716 2367 uerbum

264 2388 363 2427 epoto
382 2386 610 2428 Rossbergius
629 2386 744 2418 Fleck.
766 2387 883 2418 annal.
904 2387 972 2418 uol.
996 2387 1058 2418 139
1077 2397 1110 2428 p.
1133 2387 1207 2424 719,
1226 2389 1307 2428 poto
1325 2387 1396 2418 iam
1415 2387 1592 2424 BarthiuS,
1611 2387 1717 2428 ponto

174 2436 263 2468 libri.
311 2437 461 2469 contulit
486 2437 714 2478 Rossbergius
740 2437 842 2469 Lucr.
870 2446 893 2469 v
918 2438 983 2469 384
1009 2437 1114 2478 epotis
1138 2438 1310 2470 umoribus
1401 2441 1465 2472 688
1489 2437 1617 2469 mensis
1641 2436 1716 2475 LM,

175 2488 270 2529 quod
285 2489 392 2519 etiam
409 2487 447 2525 G,
464 2489 519 2519 cui
535 2488 654 2520 mersis
670 2488 848 2526 tribuitur,
865 2489 1014 2520 uoluisse
1030 2492 1117 2530 puto
1133 2489 1261 2521 collato
1277 2489 1482 2531 compendio
1497 2499 1568 2530 quo
1583 2488 1718 2520 menbra

176 2549 277 2570 uersu
307 2540 370 2570 643
400 2541 568 2580 scriptum
597 2542 661 2571 est.
708 2539 844 2578 mensis,
875 2540 921 2572 ad
949 2540 1017 2572 cibi
1045 2541 1317 2572 condimentum.
1366 2541 1587 2582 aptissimum
1614 2549 1716 2571 uoca-

178 2590 297 2621 bulum
321 2591 417 2630 (nam
442 2593 522 2621 ἅλεσ
543 2593 595 2622 καὶ
616 2593 758 2631 τράπεζα
777 2601 830 2622 res
854 2593 937 2622 sunt
960 2592 1276 2631 conjunctissimae)
1300 2602 1321 2622 a
1339 2591 1511 2632 prioribus
1527 2590 1718 2623 editoribus

176 2652 255 2673 cum
277 2641 352 2672 cod.
376 2641 467 2672 Flor.
490 2642 526 2672 in
547 2642 649 2672 mersi
670 2644 847 2673 mutatum
869 2643 1024 2674 restituit
1046 2642 1235 2680 Bentleius‚
1258 2643 1353 2684 quod
1372 2653 1490 2674 rursus
1510 2641 1719 2684 expulerunt

176 2693 383 2724 recentiores
420 2692 588 2724 Iacobum
625 2703 658 2734 p.
690 2694 754 2724 213
791 2693 908 2725 mes-sis
944 2696 1181 2725 commentum
1218 2695 1327 2725 secuti
1418 2696 1482 2728 689
1518 2693 1661 2726 detonsa
1687 2692 1717 2730 *,

177 2744 237 2775 sed
256 2746 340 2775 nota
361 2743 414 2775 GL
436 2744 511 2775 cod.
533 2744 699 2781 Venetam,
721 2744 779 2776 sed
799 2746 882 2776 uota
902 2748 943 2776 ut
963 2745 1103 2777 uidetur
1122 2745 1158 2777 M
1179 2746 1245 2786 (ita
1265 2747 1356 2776 certe
1377 2744 1460 2776 Vrb.
1484 2746 1547 2776 667
1568 2747 1605 2776 et
1625 2744 1714 2783 668).

179 2794 315 2827 detonsa
338 2798 375 2827 et
397 2795 455 2826 sed
477 2799 555 2827 nota
578 2795 687 2826 isdem
710 2795 836 2827 litteris
860 2799 1035 2834 constant,
1060 2796 1155 2838 quod
1178 2796 1295 2828 mendi
1318 2807 1426 2838 genus
1449 2797 1574 2837 (tamen
1596 2797 1717 2830 manet,
