1855 3088
194 123 274 160 150
492 120 552 160 M.
587 119 838 160 MANILII
869 118 1352 162 ASTRONOMICON
1384 121 1424 161 V

232 230 295 261 149
318 230 431 265 nutus,
456 227 517 268 qui
540 226 744 268 imperantis
768 236 840 258 esse
865 226 988 264 solent,
1013 227 1068 259 hic
1093 227 1129 258 in
1153 227 1304 259 officioso
1327 238 1391 269 pro
1415 228 1539 270 capitis
1563 229 1724 262 summis-

186 279 340 311 sionibus
357 279 510 320 accipere
528 279 690 319 cogimur.
738 277 884 319 August.
903 288 957 320 ep.
976 279 1018 310 33
1036 280 1056 309 5
1073 278 1186 319 capita
1202 278 1396 311 submittant
1411 280 1471 320 qui
1486 290 1547 311 noe
1566 279 1723 318 salutant,

186 330 305 362 Front.
324 330 369 362 ad
385 330 430 362 M.
450 330 543 363 Caes.
562 339 591 361 11
609 331 648 362 10
666 329 712 370 (N
715 329 769 361 ab.
788 340 821 371 p.
837 330 893 370 33)
910 339 1022 370 requm
1031 329 1131 371 filiis,
1146 333 1182 361 ut
1195 330 1351 362 Naeuius
1367 331 1426 368 ait,
1445 331 1572 372 linqui-³
1582 331 1725 372 faueant

185 385 280 422 atque
308 381 499 413 adnutent
526 384 555 413 et
570 381 789 413 subscr-uiant.

232 435 293 468 151
318 433 402 465 Hor.
429 443 533 464 carm.
560 441 597 464 IV
621 433 641 463 2
669 433 774 465 13-22
799 442 857 464 seu
881 432 956 464 deos
971 456 978 464 .
996 457 1003 464 .
1021 456 1028 464 .
1044 433 1145 470 canit,
1162 457 1168 464 .
1186 457 1193 465 .
1211 457 1218 464 .
1234 433 1307 465 siue
1322 457 1329 465 .
1347 457 1354 465 .
1371 457 1378 465 .
1393 433 1542 474 puqilem
1556 458 1563 466 .
1582 457 1588 466 .
1606 458 1613 466 .
1630 434 1723 472 dicit,

186 508 194 517 .
212 509 219 517 .
237 508 244 516 .
260 484 457 516 iuuenemue
472 508 479 516 .
497 508 504 516 .
522 508 529 516 .
543 484 663 524 plorat,
711 487 776 515 art.
826 485 910 516 63-7
957 484 1031 516 siue
1046 508 1053 516 .
1071 508 1078 516 .
1096 508 1103 516 .
1120 484 1299 525 Neptunus
1345 485 1463 517 classis
1478 509 1485 517 .
1502 509 1510 517 .
1527 509 1535 517 .
1551 489 1647 523 arcet,
1663 510 1671 517 .
1688 509 1696 518 .
1714 509 1721 517 .

184 535 349 568 sterilisue
372 535 475 576 palus
498 535 599 576 prius
613 559 621 567 .
639 559 646 567 .
664 559 671 566 .
687 535 782 566 urbes
808 535 880 573 alit,
896 559 904 567 .
921 559 928 567 .
946 559 953 567 .
969 545 1027 567 seu
1053 546 1187 567 cursum
1213 536 1357 568 mutauit
1372 561 1379 568 .
1397 560 1404 568 .
1421 561 1428 568 .
1445 537 1567 568 amnis.
1619 547 1724 578 quem

185 588 404 629 grammatici
427 587 560 619 adferre
583 586 694 619 solent
718 586 857 628 Vergilii
879 586 1005 624 locum,
1028 587 1113 619 Aen.
1140 596 1192 619 V11
1217 589 1280 619 604
1304 598 1368 628 sq„
1393 588 1429 620 in
1452 598 1492 620 eo
1516 598 1655 630 prorsus
1678 589 1724 620 ad

184 638 337 680 regulam
361 639 451 670 inter
475 649 510 669 se
534 638 745 679 respondent
768 638 841 669 siue
865 638 987 680 inferre
1011 638 1131 670 bellum
1154 641 1190 670 et
1213 649 1271 670 seu
1296 639 1422 671 tendere
1448 639 1492 672 ad
1518 639 1635 678 Indos,
1661 650 1724 672 nec

184 691 298 722 minus
315 689 466 731 legitime
483 690 739 731 coniunguntur
756 689 844 721 Getis
861 689 1074 731 Hyrcanisue
1089 690 1265 722 Arabisue.

231 744 294 775 155
317 744 396 783 post
417 741 509 773 hunc
531 751 670 773 uersum
690 741 861 773 inserendi
882 744 965 773 sunt
985 752 1055 773 uno
1076 741 1183 773 uerbo
1204 745 1342 774 mutato
1363 751 1386 774 V
1407 743 1449 775 30
1471 752 1521 784 sq.
1544 745 1623 775 tam
1644 743 1724 775 huic

184 792 260 825 loco
276 793 530 825 accommodati
546 802 653 834 quam
669 792 713 824 ab
729 792 789 824 illo
805 792 1039 825 abhorrentes.

361 869 426 902 hac
443 870 478 901 in
494 872 595 911 parte
624 869 710 901 dies
739 872 845 910 atque
862 870 926 901 hac
956 872 1162 901 momenta
1191 869 1379 908 dabuntur,

361 921 390 952 si
408 921 493 952 bene
510 921 716 952 conuenient
733 921 852 952 stellae
868 931 929 962 per
945 921 1042 962 signa
1059 924 1241 962 sequentes
1256 933 1264 958 ;

337 972 357 1013 <
361 982 442 1003 nam
460 972 519 1012 (ab
536 971 637 1009 GLM,
656 972 701 1003 ad
722 972 818 1012 Ven.)
835 971 943 1004 stellis
960 973 1116 1014 proprias
1132 973 1223 1004 uires
1240 975 1275 1004 et
1291 975 1478 1015 tempora
1509 983 1643 1005 rerum

361 1024 545 1055 constituit
561 1024 677 1065 magni
693 1024 871 1064 quondam
887 1023 1076 1055 fabricator
1094 1023 1268 1066 Olympi.>

361 1085 509 1116 quarum
526 1085 588 1116 ego
604 1075 775 1117 posterius
792 1076 882 1107 uires
898 1078 963 1107 eto.

184 1152 387 1184 exciderunt
404 1154 523 1183 autem
540 1151 584 1183 ob
603 1151 654 1183 bis
671 1152 825 1193 positum
842 1151 932 1183 uires
950 1161 973 1183 v
991 1152 1032 1184 30
1050 1154 1086 1183 et
1104 1160 1145 1183 111
1166 1153 1238 1189 156,
1257 1162 1327 1193 qua
1344 1152 1387 1184 de
1404 1163 1508 1184 causa
1525 1153 1669 1194 exposui
1685 1153 1722 1185 in

184 1203 316 1235 Lucani
337 1203 499 1240 editione,
519 1214 577 1244 pp.
599 1204 658 1234 xix
681 1213 744 1244 sq„
767 1203 847 1235 uide
869 1204 976 1235 etiam
997 1203 1099 1235 huius
1121 1203 1200 1235 libri
1224 1205 1308 1235 188:
1345 1204 1520 1244 quomodo
1542 1207 1666 1245 postea
1686 1205 1722 1236 in

182 1255 297 1296 quinti
312 1254 390 1286 libri
406 1254 520 1286 locum
536 1255 694 1286 uenerint
709 1254 758 1286 ibi
773 1254 885 1286 docui.
933 1257 1087 1286 ceterum
1103 1254 1143 1286 ab
1158 1255 1349 1287 necessario
1361 1255 1488 1287 falsum
1501 1258 1564 1293 est,
1578 1256 1722 1297 requirit

182 1307 275 1338 enim
291 1306 461 1338 constituit
477 1306 647 1337 datiuum.

229 1360 292 1391 158
316 1357 405 1389 adde
422 1366 450 1388 11
467 1358 530 1389 337
547 1367 597 1398 sq.
618 1357 874 1398 quiscumque
888 1381 895 1389 .
913 1381 920 1389 .
939 1357 1052 1399 ‚fauet
1073 1357 1218 1397 anqulus
1232 1381 1239 1389 .
1257 1381 1264 1389 .
1282 1381 1289 1389 .
1306 1367 1450 1398 quaeque
1474 1357 1558 1390 loca
1575 1382 1582 1390 .
1602 1382 1609 1390 .
1629 1381 1636 1390 .
1654 1358 1720 1399 siq-

182 1409 273 1441 narit
287 1409 387 1446 linea,
402 1409 484 1440 Luc.
501 1418 569 1440 vm
583 1410 646 1441 843
661 1419 724 1449 sq„
740 1417 779 1440 IX
793 1410 914 1446 466—8‚
930 1409 1005 1440 Val.
1021 1409 1072 1440 Fl.
1088 1418 1155 1440 vm
1171 1410 1296 1442 109-11
1331 1409 1537 1450 quaerenti
1553 1433 1559 1441 .
1577 1433 1584 1441 .
1602 1433 1609 1441 .
1625 1410 1721 1442 uiam

180 1470 247 1501 qua
268 1470 301 1492 se
323 1460 449 1492 arduus
471 1460 581 1492 heros
602 1458 607 1503 Ι
621 1460 743 1501 ferret.
761 1484 768 1491 .
786 1484 793 1492 .
810 1460 868 1497 ait,
886 1461 966 1492 Tac.
987 1471 1067 1492 ann.
1089 1469 1117 1491 Π
1140 1461 1183 1492 24
1206 1462 1220 1492 1
1248 1460 1297 1492 ita
1316 1464 1412 1492 uasto
1434 1464 1461 1492 et
1480 1460 1662 1503 profundo,
1686 1464 1721 1493 ut

182 1511 332 1544 credatur
347 1511 572 1543 nouissimum
589 1521 626 1543 ac
642 1511 715 1543 sine
733 1512 827 1543 terris
843 1522 933 1544 mare
949 1511 1051 1552 (mari
1068 1512 1287 1552 Gronouius).

229 1565 292 1597 164
315 1563 410 1604 quod
430 1563 706 1604 Wageningenus
728 1563 770 1595 de
790 1563 942 1595 sortibus
962 1564 1067 1604 signis
1088 1563 1356 1595 adhaerentibus
1377 1566 1413 1595 et
1433 1573 1513 1596 cum
1532 1564 1581 1596 eis
1601 1574 1717 1596 ascen-

184 1615 347 1646 dentibus
369 1615 482 1656 (quasi
503 1615 568 1646 hoc
589 1615 635 1646 sit
655 1615 763 1655 siquis
784 1614 969 1655 ascendere)
990 1617 1121 1652 narrat,
1143 1615 1172 1647 si
1193 1625 1213 1647 a
1234 1615 1357 1647 scienti
1377 1615 1517 1647 homine
1538 1615 1720 1653 diceretur,

183 1666 403 1698 mendacium
419 1669 519 1698 esset.

229 1720 293 1751 177
316 1717 389 1759 lege
408 1718 415 1730 ‘
430 1719 523 1749 certa
538 1717 616 1749 libri
631 1717 651 1748 '.

229 1771 292 1803 178
315 1769 405 1801 adde
422 1777 465 1800 ΠΙ
481 1770 519 1800 81
533 1769 690 1810 formam.

229 1822 291 1854 183
315 1822 352 1852 at
367 1819 447 1859 GL2‚
464 1828 505 1852 ac
520 1820 594 1852 LM.

229 1874 293 1905 194
327 1871 448 1903 Auien.
484 1871 580 1903 Arat.
617 1873 680 1904 673
713 1882 763 1912 sq.
799 1871 830 1903 si
860 1872 991 1912 piceam
1024 1872 1182 1913 spectaris
1214 1882 1344 1912 surqere
1376 1875 1500 1905 noctem
1521 1870 1526 1916 Ι
1545 1872 1720 1914 informem

184 1923 324 1955 taetris
355 1923 534 1955 tellurem
564 1926 600 1954 ut
630 1924 779 1955 uestiat
809 1923 902 1955 alis.
938 1924 1074 1955 diuersa
1097 1924 1194 1956 uerbi
1218 1924 1474 1956 constructione
1493 1924 1591 1956 Lucr.
1612 1933 1636 1956 v
1655 1926 1718 1957 777

183 1974 322 2006 tenebris
341 1974 496 2006 obducere
516 1978 627 2006 terras.
676 1975 719 2006 de
739 1985 805 2006 nox
824 1975 941 2012 orbem,
963 1985 1067 2016 quem
1088 1975 1243 2007 ordinem
1263 1975 1399 2007 collatis
1419 1984 1449 2006 11
1472 1977 1549 2013 421,
1574 1984 1618 2007 111
1642 1977 1718 2013 312,

181 2035 205 2058 v
222 2028 263 2058 60
280 2027 315 2058 in
331 2027 563 2067 suspicionem
580 2029 686 2057 uocat
701 2026 856 2058 Marxius
872 2026 962 2059 Abh.
981 2027 1013 2058 d.
1028 2026 1209 2068 phil.-hist.
1227 2026 1286 2059 Kl.
1304 2026 1337 2059 d.
1355 2027 1464 2059 sacha.
1482 2027 1548 2059 Ak.
1567 2027 1599 2059 d.
1617 2027 1717 2060 Wiss.

182 2086 315 2109 XXXVII
333 2078 344 2109 i
363 2088 420 2119 pp.
442 2079 506 2110 209
526 2088 589 2118 sq„
607 2078 687 2109 uide
706 2078 751 2109 ad
770 2086 792 2109 v
813 2078 876 2109 634
895 2078 1078 2109 adnotata.

229 2131 292 2163 195
315 2129 404 2161 adde
418 2137 446 2160 11
459 2131 522 2161 715
535 2139 598 2161 sua
614 2153 620 2161 .
638 2153 645 2161 .
663 2153 670 2160 .
687 2139 829 2169 corpore,
843 2138 881 2161 IV
893 2130 957 2161 257
972 2129 1086 2161 iuncta
1101 2154 1107 2161 .
1125 2153 1132 2161 .
1150 2153 1157 2161 .
1171 2129 1273 2170 pisce.
1321 2129 1382 2162 sed
1393 2129 1473 2162 huic
1485 2133 1632 2162 materno
1647 2153 1654 2162 .
1671 2154 1679 2162 .
1696 2153 1704 2162 .

183 2180 260 2212 aluo
284 2180 448 2212 similiora
471 2183 553 2212 sunt
575 2181 706 2222 pariter
728 2191 748 2212 a
771 2181 1057 2212 terminationum
1081 2180 1336 2213 adsimilatione
1359 2184 1437 2213 orta
1459 2181 1585 2213 menda
1607 2190 1630 2213 v
1653 2182 1718 2214 238

183 2235 255 2263 tuos
270 2256 277 2264 .
295 2255 302 2263 .
320 2256 326 2263 .
343 2231 450 2263 ulmos
466 2242 624 2273 quaeque
640 2232 688 2263 ibi
705 2233 914 2273 comparaui.

229 2285 292 2317 199
316 2285 398 2324 quot
415 2282 453 2322 G,
472 2286 513 2315 ut
534 2294 604 2315 non
621 2284 762 2325 impune
780 2284 1056 2325 Wageningenus
1074 2283 1190 2316 fallaci
1208 2284 1342 2316 auctori
1359 2284 1495 2316 credere
1512 2284 1682 2316 maluerit.

228 2336 380 2368 211-217
404 2334 489 2366 Geli.
508 2344 572 2366 XIV
595 2336 609 2366 1
634 2336 677 2366 26
693 2335 725 2366 si
742 2338 809 2366 tam
822 2345 971 2375 paruum
987 2338 1081 2376 atque
1097 2335 1256 2376 rapidum
1272 2338 1318 2366 est
1334 2339 1534 2367 momentum
1550 2335 1716 2376 temporis,

182 2385 220 2417 in
242 2396 304 2426 quo
328 2385 423 2417 homo
446 2396 586 2418 nascens
604 2386 716 2427 fatum
739 2386 872 2426 accipit,
897 2390 933 2418 ut
957 2387 994 2418 in
1018 2386 1127 2418 eodem
1152 2387 1209 2418 illo
1230 2390 1354 2427 puncto
1378 2387 1438 2418 sub
1463 2386 1572 2419 eodem
1596 2386 1716 2419 circulo

181 2437 265 2468 caeli
279 2437 394 2477 plures
411 2437 514 2468 simul
531 2437 574 2469 ad
591 2437 729 2469 eandem
745 2438 996 2478 competentiam
1013 2438 1108 2470 nasci
1125 2448 1193 2470 non
1210 2441 1340 2479 queant,
1360 2441 1388 2469 et
1405 2437 1437 2469 si
1455 2438 1575 2470 idcireo
1592 2437 1716 2479 qemini

180 2498 306 2528 quoque
330 2499 398 2519 non
423 2488 537 2520 eadem
561 2489 651 2521 uitae
675 2493 758 2521 sorte
783 2493 871 2526 sunt,
897 2489 1056 2530 quoniam
1081 2500 1148 2521 non
1173 2489 1283 2521 eodem
1308 2489 1465 2530 temporis
1487 2493 1611 2530 puncto
1636 2489 1716 2521 editi

181 2542 269 2576 sunt,
290 2543 364 2580 peto
386 2540 614 2580 respondeant,
637 2550 771 2572 cursum
793 2540 890 2572 illum
911 2541 1067 2582 temporis
1088 2540 1339 2578 transuolantis,
1361 2541 1420 2581 qui
1440 2541 1501 2572 uix
1522 2541 1715 2582 coqitatione

181 2590 291 2622 animi
317 2591 537 2631 conprehendi
560 2595 676 2632 potest,
704 2602 848 2632 quonam
871 2595 969 2632 pacto
995 2595 1054 2624 aut
1080 2592 1226 2624 consulto
1253 2592 1390 2632 adsequi
1415 2595 1536 2632 queant
1561 2595 1619 2624 aut
1646 2591 1715 2632 ipsi

178 2642 365 2682 perspicere
390 2646 417 2673 et
442 2642 683 2683 reprehendere,
709 2653 784 2675 cum
809 2643 847 2674 in
872 2647 939 2675 tam
961 2643 1143 2683 praecipiti
1168 2643 1296 2675 dierum
1321 2644 1529 2684 noctiumque
1553 2643 1715 2684 uertiqine

181 2693 325 2724 minima
340 2697 504 2725 momenta
520 2694 666 2734 inqentes
676 2693 786 2735 facere
802 2694 914 2726 dicant
931 2695 1137 2726 mutationes.

225 2746 290 2778 204
313 2744 387 2776 Ioh.
412 2745 544 2777 Camat.
562 2746 647 2778 2767
666 2748 735 2786 περὶ
757 2748 923 2784 γενεθλίου
944 2748 1088 2787 βρέφουσ
1108 2750 1144 2778 et
1163 2746 1283 2779 C.G.L.
1300 2754 1329 2778 ΙΙ
1342 2756 1376 2788 Ρ.
1401 2747 1465 2778 262
1489 2747 1529 2777 14
1547 2747 1715 2786 ’γενέθλιοσ

183 2818 191 2826 .
208 2819 216 2826 .
233 2819 240 2826 .
257 2795 381 2827 natalis
395 2797 452 2836 (111
465 2807 498 2837 p.
514 2798 556 2828 84
570 2798 601 2833 8,
615 2807 648 2837 p.
667 2798 724 2828 171
743 2798 796 2834 65,
810 2807 844 2839 p.
859 2798 925 2830 239
937 2798 995 2837 45>
1008 2807 1078 2829 non
1090 2797 1245 2829 efficiunt
1259 2800 1298 2829 ut
1311 2800 1403 2829 recte
1416 2799 1479 2829 aut
1490 2796 1715 2829 tolerabiliter

183 2846 249 2877 dici
267 2847 427 2878 uideatur
442 2847 566 2878 natalis
582 2848 664 2879 nati.
