1855 3088
189 98 270 137 120
495 98 556 139 M.
589 97 840 140 MANILII
871 97 1355 142 ASTRONOMICON
1386 99 1427 141 V

229 210 271 241 78
294 218 327 240 se
343 209 378 240 in
395 209 513 241 Iliadis
531 209 676 241 Latinae
692 220 793 242 uersu
810 210 889 241 libri
904 211 1124 242 uetustiores.

228 261 270 292 84
293 263 471 291 commento
488 260 613 292 Vlitius
631 262 676 292 ad
693 261 808 293 Gratt.
826 262 901 293 429.
950 261 1035 293 laeta
1051 262 1271 302 aliquatenus
1288 261 1496 294 confirmant
1513 261 1602 294 Vitr.
1620 270 1648 292 11
1666 262 1682 292 1
1702 262 1721 293 3

182 310 300 341 cotidie
318 310 570 343 inuentionibus
588 312 765 352 qloriantes
783 313 864 343 aliis
882 313 945 344 alii
964 313 1172 344 ostendebant
1190 313 1418 354 aedificiorum
1438 313 1569 354 effectus
1586 316 1623 344 et
1641 311 1721 344 Sen.

181 371 235 402 ep.
260 362 303 393 90
326 363 369 394 40
391 363 553 403 quidquid
576 367 698 394 natura
719 364 910 404 protulerat,
936 364 971 395 id
994 374 1061 395 non
1084 364 1198 395 minus
1222 365 1392 396 inuenisse
1420 375 1520 405 quam
1547 364 1723 395 inuentum

182 416 364 444 monstrare
380 414 475 444 alteri
491 414 648 454 uoluptas
665 419 743 446 erat.

226 463 382 495 dederunt
398 465 434 496 in
451 464 517 496 fine
534 476 663 503 uersus,
682 469 719 498 at
736 475 764 497 11
780 468 821 498 27
840 467 949 504 tulere,
967 470 1008 498 ut
1024 467 1227 508 plerumque
1244 467 1424 508 Vergilius.

227 517 269 548 88
292 516 418 547 Tibull.
437 525 450 547 1
467 517 486 548 3
504 517 545 548 39
567 527 618 558 sq.
637 527 694 549 nec
718 528 844 557 uaqus
871 518 1020 558 iqnotis
1045 522 1192 558 repetens
1215 518 1412 558 compendia
1435 517 1553 549 terris
1575 515 1721 560 {presse-

180 569 231 597 rat
263 570 395 598 externa
425 568 568 599 nauita
599 579 701 599 merce
729 572 865 607 ratem,
898 569 985 600 Plin.
1017 569 1088 600 n.h.
1122 578 1176 600 ΧΠ
1210 571 1229 600 5
1265 569 1377 600 arbore
1410 569 1579 600 sulcamus
1613 567 1724 600 maria

181 620 345 658 terrasque
383 618 607 650 admonemus.
657 619 779 652 C.G.L.
819 629 847 651 11
884 631 917 662 p.
960 621 1022 652 125
1063 621 1102 652 17
1141 620 1239 651 linter
1277 623 1364 652 εἶδοσ
1401 623 1573 659 μονοξύλου
1611 621 1724 651 πλοίου

181 673 560 710 πρωτοκατασκεύαστον.

227 723 269 753 90
292 720 362 751 alia
378 721 568 753 defensuris
585 723 720 763 porrigo
738 731 762 753 v
778 724 842 754 458
860 723 984 762 tra9ica
998 723 1224 763 praestabunt.

226 774 268 804 92
285 771 397 812 fibras
414 773 521 804 etiam
540 772 618 804 Sen.
639 773 728 805 H.O.
749 774 825 811 947,
848 775 944 811 1221,
967 775 1062 811 1277,
1083 784 1189 815 quam
1207 774 1379 816 syllabam
1398 773 1526 806 Seneca
1545 774 1581 805 in
1599 773 1721 806 ceteris

179 823 366 864 tragoediis
382 827 428 861 et,
447 824 513 855 nisi
529 824 640 862 fallor,
658 825 823 866 dactylici
840 836 974 866 semper
990 826 1198 867 producunt.

226 876 290 907 102
313 878 427 906 uentos
443 885 536 915 quae.
584 877 808 917 postponitur
823 877 1113 918 interrogatiuum
1130 888 1172 908 ne
1189 880 1335 918 quartus
1352 887 1411 918 pes
1428 887 1512 909 uoce
1534 876 1723 918 spondiaca

180 929 316 957 constet
333 926 440 957 etiam
459 935 497 957 1v
518 928 578 958 107
592 927 661 968 fati
678 937 737 958 cur
756 929 851 968 (nam
870 937 898 959 11
919 929 983 960 433
1007 929 1068 959 uix
1091 929 1127 959 in
1150 939 1292 960 censum
1315 929 1427 968 uenit)
1445 940 1452 965 ;
1483 938 1586 959 suum
1608 927 1723 959 locum

180 977 306 1008 retinet
323 986 367 1008 111
382 978 447 1009 235
464 977 539 1018 quis
553 979 671 1018 possit,
690 987 727 1009 1v
745 980 797 1016 65,
817 980 870 1016 66,
888 988 911 1010 V
928 980 1003 1010 299.

226 1030 289 1060 103
312 1028 486 1065 miracula,
501 1030 731 1067 mirationem,
746 1033 786 1061 ut
798 1031 878 1062 Tac.
893 1031 973 1062 hist.
988 1039 1032 1061 111
1044 1032 1086 1061 25
1100 1030 1177 1061 hinc
1186 1041 1247 1071 per
1260 1041 1389 1062 omnem
1401 1030 1506 1062 aciem
1522 1029 1723 1061 miraculum

179 1082 207 1109 et
223 1082 355 1119 questus
372 1092 378 1111 :
404 1080 483 1111 uide
500 1080 593 1111 Man.
612 1090 634 1111 v
651 1082 712 1112 561
732 1082 930 1121 spectacula.

225 1133 289 1163 104
311 1131 418 1162 etiam
435 1140 448 1162 1
465 1132 529 1163 368
547 1132 693 1163 tonantis
710 1133 794 1164 Ven.
813 1143 874 1174 pro
893 1133 1042 1170 conandi,
1061 1132 1120 1164 Sil.
1140 1142 1195 1164 XII
1211 1135 1275 1164 472
1294 1133 1403 1164 euntis
1419 1133 1498 1164 libri
1514 1143 1575 1174 pro
1595 1131 1696 1163 eundi
1713 1144 1721 1170 ;

179 1181 280 1213 Ouid.
299 1192 407 1213 amor.
427 1191 470 1213 ΠΙ
489 1184 508 1213 5
530 1184 568 1214 19
587 1194 701 1214 somno
720 1183 809 1215 uires
828 1184 992 1215 adimente
1004 1184 1136 1225 ferendi
1156 1184 1359 1225 (Bentleius,
1374 1184 1497 1224 ferenti
1515 1183 1619 1223 libri),
1640 1184 1659 1214 6
1679 1184 1721 1215 70

177 1232 331 1264 currendi
352 1234 510 1273 (currenti
529 1234 603 1266 eod.
626 1236 729 1274 unus)
750 1235 839 1266 uires
860 1235 1018 1275 eripiente
1037 1246 1152 1273 mora;
1186 1235 1305 1267 Front.
1327 1246 1360 1276 p.
1384 1237 1446 1266 122
1466 1235 1557 1266 Nab.
1579 1234 1722 1266 tonandi

175 1287 320 1324 potestas
337 1308 343 1315 .
361 1309 368 1315 .
387 1309 393 1315 .
412 1285 492 1315 Ioui
508 1285 629 1316 tradita
647 1289 700 1317 est.
749 1286 928 1318 Turnebus
945 1287 1026 1318 adu.
1044 1295 1085 1318 IX
1100 1298 1129 1319 e.
1150 1288 1189 1318 13
1207 1287 1336 1317 tonanti
1352 1287 1557 1318 coniecerat.

224 1338 287 1368 106
310 1346 393 1376 quae
406 1347 476 1368 acc.
492 1339 588 1368 neut.
603 1336 691 1377 plur.
706 1348 779 1368 esse
792 1338 1069 1379 Wageningenus
1083 1349 1152 1369 non
1166 1338 1349 1369 intellexit.

224 1389 287 1420 107
310 1387 461 1418 uicinam
486 1391 521 1419 et
547 1398 584 1419 ex
608 1388 674 1419 alto
698 1389 783 1429 quid
808 1389 1042 1430 significarent
1067 1389 1211 1430 planum
1236 1400 1290 1420 me
1315 1389 1435 1421 fecisse
1460 1392 1635 1430 putaram,
1661 1387 1721 1420 sed

177 1437 300 1469 fefellit
323 1448 378 1469 me
401 1439 542 1479 opinio3
578 1439 855 1481 WVageningenus
878 1440 971 1471 enim
994 1440 1153 1481 Pingraei
1175 1451 1304 1471 errores
1327 1443 1363 1471 et
1386 1440 1528 1481 repetiit
1550 1443 1586 1470 et
1608 1439 1720 1470 auxit.

177 1489 296 1529 itaque
315 1489 528 1521 enucleatius
546 1490 732 1522 dicendum
750 1494 803 1522 est
822 1501 912 1529 aera,
930 1492 966 1523 in
985 1501 1053 1532 quo
1069 1491 1196 1523 imbres
1214 1492 1312 1523 uenti
1327 1491 1474 1522 fulmina
1491 1490 1591 1528 fiunt,
1609 1490 1721 1522 altum

177 1550 260 1577 esse,
279 1541 449 1571 mundum
466 1544 501 1572 et
518 1542 630 1572 sidera
647 1542 697 1573 illi
714 1543 840 1574 uicina.

224 1594 286 1624 111
311 1591 409 1623 Luer.
429 1601 471 1622 111
491 1593 553 1623 144
569 1592 612 1623 ad
629 1603 752 1624 numen
769 1594 888 1624 mentis
904 1618 910 1624 .
929 1618 935 1625 .
954 1618 960 1624 .
977 1597 1137 1625 mouetur.

224 1645 287 1675 116
311 1643 346 1674 C.
361 1643 399 1674 F.
415 1643 455 1675 G.
471 1643 653 1675 Muellerus
668 1648 760 1685 synt.
776 1655 868 1676 nom.
883 1649 919 1676 et
933 1655 1003 1677 aee.
1019 1656 1052 1686 p.
1071 1646 1132 1676 135
1146 1645 1296 1677 eontulit
1309 1644 1436 1686 Appul.
1452 1647 1536 1676 met.
1551 1653 1565 1675 1
1578 1645 1598 1675 2
1612 1643 1721 1675 ardua

177 1694 341 1725 montium
357 1718 364 1725 .
382 1718 388 1725 .
407 1719 413 1725 .
431 1695 546 1725 emersi
563 1706 622 1726 me.
671 1699 824 1727 ceterum
841 1696 913 1737 lege
932 1695 939 1708 ‘
956 1698 1080 1727 euicere
1096 1707 1157 1737 pro
1176 1698 1298 1736 emqere
1313 1697 1333 1727 '.

224 1747 287 1778 118
310 1744 475 1776 descendit
503 1755 646 1777 carmen.
694 1756 827 1778 carmen
856 1747 1021 1778 descendit
1050 1747 1125 1779 cod.
1158 1748 1313 1779 Cusanus
1343 1750 1379 1778 et
1409 1750 1491 1778 ante
1522 1746 1720 1778 Bentleium

176 1796 337 1833 editores,
353 1797 413 1836 qui
427 1796 641 1837 frequentior
654 1798 737 1829 ordo
752 1802 816 1835 est,
832 1807 845 1828 Ι
859 1800 934 1835 287,
950 1799 1025 1835 346,
1041 1800 1116 1836 419,
1132 1800 1207 1836 447,
1224 1800 1298 1836 647,
1315 1799 1379 1829 668
1394 1797 1560 1838 (Phoebus
1574 1797 1719 1829 modera-

177 1849 255 1886 tur),
277 1848 353 1884 910,
375 1856 403 1878 ΙΙ
423 1849 498 1885 241,
522 1849 595 1885 796,
619 1849 693 1886 828,
716 1858 759 1879 ΙΠ
779 1850 854 1886 315,
876 1858 914 1880 IV
935 1851 998 1880 755
1020 1851 1156 1890 (pontus
1177 1849 1359 1888 sinuatus),
1385 1858 1408 1880 v
1432 1850 1485 1887 38,
1511 1849 1575 1880 206
1600 1850 1724 1890 (surqet

177 1899 388 1937 Nemeaeus),
414 1900 489 1936 212,
514 1900 590 1936 232,
615 1901 691 1937 235,
718 1901 792 1937 336,
819 1902 894 1937 536,
921 1902 1010 1938 745;
1048 1901 1108 1932 sed
1132 1901 1357 1942 postponitur
1380 1900 1591 1941 disyllabum
1613 1900 1722 1931 etiam

178 1959 191 1980 1
207 1951 280 1987 160,
297 1951 372 1987 339,
389 1951 463 1987 613,
479 1951 553 1987 916,
569 1959 597 1981 Π
611 1952 686 1988 232,
701 1952 777 1989 261,
793 1960 836 1982 111
849 1953 888 1983 51
906 1952 1056 1992 (sociaret
1072 1953 1217 1992 corpus),
1234 1953 1309 1989 223,
1324 1952 1399 1989 379,
1414 1952 1489 1989 662,
1504 1960 1542 1982 IV
1556 1952 1630 1989 149,
1644 1952 1720 1988 575,

177 2009 200 2031 V
212 2001 254 2032 96
273 2003 457 2041 (yeneratus
471 2001 603 2041 possit).

224 2054 376 2085 122-146
399 2052 519 2084 similis
536 2052 630 2084 locus
649 2053 768 2085 Claud.
787 2062 867 2085 xvn
884 2055 1003 2086 70—83.

224 2105 287 2137 125
310 2103 443 2134 Philod.
477 2107 548 2144 περὶ
579 2107 685 2145 εὐσεβ.
718 2115 752 2146 p.
785 2106 824 2136 61
854 2105 978 2147 Gomp.
1012 2106 1225 2137 Ἀκουσίλαοσ
1258 2105 1284 2137 δ’
1316 2107 1350 2137 ἐκ
1381 2106 1494 2137 Χάουσ·
1524 2106 1650 2146 πρώτου
1680 2105 1720 2136 τὰ

178 2157 276 2191 ἄλλα,
293 2155 382 2186 adde
399 2155 514 2186 Muell.
531 2155 617 2196 frag.
636 2156 715 2187 hist.
735 2156 793 2188 Gr.
811 2165 826 2187 Ι
842 2167 874 2197 p.
896 2158 969 2188 100.

225 2208 288 2239 130
312 2205 458 2236 nihilum
474 2217 566 2237 nom.
587 2207 688 2238 Ouid.
706 2208 796 2238 trist.
815 2216 853 2238 IV
870 2209 889 2239 6
906 2209 948 2239 29
965 2207 1065 2240 codd.
1084 2211 1157 2249 opt.

225 2259 288 2290 133
310 2256 383 2298 lege
417 2256 424 2269 ⁶
439 2257 536 2288 anth.
571 2258 643 2289 Pal.
677 2267 730 2289 vn
762 2259 826 2290 669
842 2259 862 2296 '‚
896 2259 985 2290 adde
1017 2262 1136 2290 autem
1168 2259 1273 2290 Macr.
1307 2258 1381 2291 Sat.
1410 2267 1424 2289 1
1453 2260 1493 2290 19
1524 2259 1563 2289 12
1592 2257 1721 2289 caelum

177 2308 347 2339 stellarum
382 2308 452 2339 luce
487 2308 694 2346 distinctam,
726 2309 847 2350 quibus
879 2310 986 2341 inesse
1017 2311 1179 2350 quaedam
1209 2310 1335 2350 species
1369 2309 1558 2341 caelestium
1588 2308 1720 2340 uidetur

178 2359 357 2390 oculorum.
404 2370 474 2390 non
490 2360 592 2401 plane
608 2361 717 2392 simile
733 2364 787 2392 est
806 2361 898 2392 Plut.
914 2362 979 2393 fae.
996 2362 1032 2392 in
1053 2361 1126 2393 orb.
1148 2362 1217 2393 lun.
1236 2363 1276 2393 15
1296 2363 1317 2392 4
1336 2364 1398 2393 aut
1418 2361 1606 2402 Epiphanii
1624 2360 1719 2392 locus

178 2421 198 2442 a
224 2410 395 2442 Lobeckio
420 2411 495 2451 Agl.
520 2421 553 2452 p.
580 2412 644 2443 920
668 2415 704 2443 et
727 2412 855 2443 Dielsio
879 2413 1021 2453 doxogr.
1047 2423 1080 2454 p.
1106 2414 1169 2444 589
1194 2414 1259 2444 4—6
1282 2413 1432 2449 adlatus,
1458 2411 1577 2453 procul
1599 2414 1718 2443 autem

178 2461 339 2492 habenda
363 2461 479 2501 qualia
502 2466 584 2493 sunt
610 2462 710 2494 Ouid.
733 2466 816 2494 met.
838 2472 876 2494 1v
900 2465 964 2495 228
986 2464 1105 2495 mundi
1125 2464 1240 2495 oculus
1262 2463 1346 2504 (Sol)
1367 2467 1403 2495 et
1424 2464 1525 2495 Drae.
1547 2463 1640 2494 laud.
1661 2462 1719 2494 dei

177 2521 190 2543 1
208 2513 272 2543 674
288 2516 324 2543 et
340 2513 450 2544 satisf.
469 2514 533 2544 243
550 2514 599 2544 sol
615 2514 730 2545 oculus
746 2514 839 2545 caeli.

225 2565 289 2596 136
311 2563 400 2594 adde
429 2572 467 2594 1v
497 2565 558 2595 183
587 2574 637 2605 sq.
667 2568 745 2596 sunt
772 2576 912 2606 quorum
928 2590 934 2597 .
953 2590 959 2597 .
978 2590 984 2597 .
1000 2566 1132 2598 animos
1160 2576 1217 2597 nec
1245 2566 1377 2597 moenia
1398 2565 1541 2607 frenent,
1565 2563 1569 2607 Ι
1589 2564 1645 2595 sed
1660 2588 1667 2595 .
1685 2588 1693 2595 .
1712 2588 1720 2595 .

179 2617 378 2655 yrassentur.

225 2668 288 2699 137
311 2669 370 2696 aut
386 2676 446 2706 pro
464 2676 522 2696 seu
538 2667 642 2707 positi
658 2667 855 2708 exemplum
871 2679 943 2700 non
958 2668 1063 2700 debui
1079 2678 1122 2699 ex
1138 2669 1237 2709 Verg.
1255 2668 1341 2699 Aen.
1359 2676 1415 2698 ΧΠ
1431 2668 1495 2698 686
1511 2670 1639 2708 petere,
1656 2660 1719 2697 ubi

177 2717 261 2748 ordo
279 2716 478 2748 huiusmodi
494 2720 557 2755 est,
576 2718 730 2749 auolsum
746 2722 843 2750 uento
860 2719 923 2756 uel,
942 2720 973 2750 si
990 2720 1092 2750 imber
1106 2720 1233 2759 proluit
1249 2723 1307 2750 aut
1323 2719 1424 2750 soluit
1440 2721 1597 2755 uetustas,
1616 2717 1718 2748 imbre

177 2767 347 2809 prolutum
379 2767 566 2799 solutumue
597 2772 766 2800 uetustate.
814 2771 1002 2802 succedant
1034 2771 1140 2812 igitur
1172 2770 1250 2802 Sen.
1286 2770 1369 2802 Oed.
1403 2771 1532 2801 577—81
1567 2768 1642 2800 siue
1657 2791 1664 2799 .
1682 2791 1689 2798 .
1707 2792 1715 2800 .

178 2819 264 2856 tulit,
288 2817 292 2861 Ι
312 2819 385 2850 siue
400 2842 407 2850 .
426 2843 432 2850 .
451 2843 457 2850 .
473 2820 595 2858 sonuit,
632 2824 690 2851 aut
707 2845 713 2852 .
731 2845 738 2852 .
756 2845 762 2852 .
779 2821 883 2853 mouit
917 2825 952 2853 et
990 2821 1092 2853 Aetn.
1135 2823 1196 2853 114
1212 2833 1221 2859 ;
1271 2831 1453 2863 perperam
1492 2821 1585 2852 enim
1622 2819 1716 2850 Man·
