1855 3088
577 119 1059 162 ASTRONOMICON
1090 119 1130 161 V
1566 120 1615 158 13

250 236 385 273 morte
405 232 551 273 Iouem
570 231 734 283 didicit)
755 235 976 286 generatus
995 230 1129 285 possit
1147 228 1304 271 haberi.

250 306 329 347 hoc
347 306 537 360 genitum
556 305 700 346 credas
719 305 770 346 de
791 305 922 346 sidere
942 304 1296 359 BeHerophonten

250 379 480 434 inposuisse
499 379 614 421 uiam
632 379 792 420 mundo
812 393 885 433 per
904 379 1022 434 signa
1040 378 1269 427 uolantem,

251 454 317 495 cui
337 454 498 495 caelum
518 468 691 507 campus
710 453 849 494 fuerat
868 457 1087 508 terraeque
1106 452 1346 506 fretumque

132 536 197 568 100
251 528 328 569 sub
348 527 537 582 pedibus,
559 542 644 568 non
663 527 748 568 ulla
767 527 868 568 tulit
886 527 1064 581 uestigia
1084 540 1240 567 cursus.

250 602 314 643 his
334 602 412 643 erit
432 601 638 642 Heniochi
658 616 828 656 surgens
847 601 928 642 tibi
947 601 1082 642 forma
1101 600 1302 641 notanda.

305 690 484 730 cumque
504 675 648 717 decem
666 675 799 729 partis
819 675 936 716 Aries
956 674 1235 729 duplicauerit
1254 678 1371 714 ortus

250 750 452 804 incipient
471 750 610 790 Haedi
629 749 857 790 tremulum
876 749 1104 803 producere
1123 752 1315 790 mentum

251 824 445 879 hirtaque
464 829 558 865 tum
578 824 749 865 demum
767 823 889 865 terris
909 823 1154 878 promittere
1173 826 1292 876 terga

130 906 195 937 105
251 913 335 954 qua
354 899 502 939 dexter
521 898 677 939 Boreas
697 898 841 952 spirat.
899 912 951 939 ne
971 897 1091 938 crede
1111 910 1279 938 seuerae

90 1028 294 1070 prouolutus
321 1031 374 1060 est
400 1038 469 1069 quo
494 1028 587 1059 faces
613 1027 816 1064 immiserat,
843 1027 879 1058 in
906 1026 1059 1058 medium
1086 1025 1265 1067 populum,
1292 1025 1387 1067 ignes
1413 1026 1552 1056 secutus
1579 1026 1620 1055 ut

91 1090 213 1111 urnam
238 1079 348 1121 Hylas
374 1080 450 1110 qu.
477 1088 490 1110 1
516 1080 578 1110 164
670 1081 711 1112 97
735 1077 840 1110 schol.
866 1078 962 1109 Arat.
993 1079 1051 1109 161
1081 1080 1108 1109 οἱ
1135 1079 1168 1109 δὲ
1192 1079 1365 1116 μυθολόγοι
1391 1077 1445 1107 τὸν
1467 1075 1620 1115 Ἠνίοχον

91 1133 238 1171 λέγουσιν
266 1133 343 1161 εἶναι
371 1133 501 1161 εἴδωλον
529 1133 548 1168 ἢ
575 1132 834 1170 Βελλεροφόντου
862 1132 881 1168 ἢ
909 1131 1065 1168 Τροχίλου
1091 1128 1241 1160 contulit
1268 1129 1295 1159 I.
1321 1127 1502 1158 Moellerus
1525 1126 1618 1158 stud.

89 1182 180 1214 Man.
214 1193 247 1223 p.
282 1183 323 1212 22
414 1181 563 1213 desidere
595 1181 641 1220 M,
674 1181 818 1213 defidere
850 1180 886 1219 L,
919 1179 1070 1212 diffidere
1102 1179 1171 1211 GL2
1261 1179 1516 1220 bellerophonte
1546 1177 1620 1216 LM,

89 1233 344 1274 bellerophonte
367 1232 404 1264 G.
453 1243 572 1263 ueram
603 1233 794 1263 accusatiui
824 1233 974 1263 formam
1005 1235 1040 1263 et
1071 1232 1125 1262 hic
1153 1234 1188 1262 et
1214 1231 1298 1262 Hor.
1324 1240 1427 1261 carm.
1453 1238 1491 1260 IV
1517 1231 1553 1260 ll
1580 1230 1623 1260 28

89 1285 186 1316 dedit
204 1284 391 1320 Bentleiuffi
411 1284 453 1314 de
470 1293 540 1324 qua
558 1283 737 1324 disputaui
752 1283 789 1314 in
806 1283 954 1314 Journal
971 1283 1006 1314 of
1023 1282 1204 1323 Philology
1222 1290 1316 1312 XXXI
1333 1292 1391 1322 pp.
1410 1282 1475 1312 236
1492 1291 1567 1321 sqq.
1587 1283 1623 1311 et

88 1335 291 1376 praesertim
312 1346 345 1376 p.
368 1335 455 1371 2523
491 1334 571 1365 uide
591 1335 699 1365 etiam
720 1334 765 1364 ad
786 1342 824 1364 IV
846 1335 887 1365 65
909 1333 1090 1365 adnotata.
1138 1332 1262 1373 uulgus
1284 1332 1457 1363 editorum
1480 1331 1622 1363 Bellero-

87 1386 253 1426 phontem,
276 1385 423 1417 Iacobus
444 1386 551 1417 etiam
571 1394 600 1416 II
620 1386 684 1417 559
708 1385 897 1425 Eriqonem‚
919 1395 1032 1421 nemo,
1054 1384 1149 1425 quod
1170 1384 1286 1420 miror,
1307 1383 1449 1424 sybote'm
1469 1391 1492 1413 V
1516 1383 1578 1413 126

179 1439 220 1470 98
241 1446 279 1468 IV
301 1438 364 1468 905
386 1436 600 1477 inposuitque
621 1436 716 1467 uiam
734 1439 836 1476 ponto
928 1439 969 1469 99
990 1435 1046 1466 cui
1067 1435 1194 1466 caelum
1215 1445 1354 1474 campus
1370 1433 1494 1474 fuerat,
1519 1432 1619 1465 Ouid.

90 1492 170 1520 met.
190 1497 228 1519 VI
245 1489 308 1520 693
325 1498 375 1528 sq.
388 1487 511 1528 fratres
528 1487 615 1519 caelo
631 1498 707 1518 sum
724 1491 840 1518 nactus
857 1490 969 1527 aperto
991 1484 995 1528 1
1015 1489 1109 1527 (uam
1126 1486 1211 1517 mihi
1227 1496 1366 1526 campus
1383 1485 1413 1516 is
1430 1486 1489 1524 est)
1507 1484 1622 1525 inquit

90 1540 217 1571 Boreas
309 1542 371 1572 100
394 1539 613 1580 interpunxit
637 1538 786 1579 Scaliger
875 1538 946 1569 ulla
969 1538 1016 1576 M,
1041 1537 1137 1569 nulla
1161 1537 1215 1569 GL
1305 1546 1424 1569 cursus
1447 1536 1494 1575 M,
1519 1545 1622 1568 cursu

89 1590 143 1622 GL
167 1591 241 1622 cod.
267 1591 432 1628 Venetus,
456 1601 613 1630 campum
637 1590 775 1627 Cusan.‚
800 1589 891 1621 unde
915 1600 1054 1629 campus
1077 1589 1168 1620 Flor.
1193 1591 1229 1620 et
1252 1589 1329 1620 edd.
1355 1591 1467 1625 uett.;
1504 1597 1622 1618 cur-sus

88 1642 219 1683 primus
256 1642 386 1683 recepit
424 1642 621 1682 Pingraeus.
674 1641 962 1682 Bellerophontae
993 1651 1112 1672 cursus
1142 1640 1238 1671 nulla
1267 1640 1351 1671 tulit
1379 1639 1536 1680 uestigia,
1571 1639 1622 1670 ita

88 1696 248 1734 peractus
275 1696 327 1724 est-
354 1695 394 1724 ut
421 1703 545 1733 campo
572 1703 634 1723 suo
657 1692 786 1734 pedum
810 1692 908 1733 signa
931 1703 1001 1723 non
1024 1692 1248 1733 imprimeret.
1296 1700 1309 1722 Ι
1333 1692 1396 1722 657
1420 1700 1621 1731 quocumque

87 1754 192 1784 uaqae
204 1744 338 1775 tulerint
350 1744 491 1783 uestiyia
501 1743 638 1783 plantae
731 1746 792 1776 101
806 1743 869 1775 erit
883 1743 1001 1779 GL2M,
1015 1745 1088 1774 erat
1099 1743 1124 1774 L
1138 1743 1211 1774 cod.
1226 1743 1380 1774 Venetus
1469 1741 1622 1773 notanda

88 1795 276 1831 Bentleius,
302 1794 459 1826 conanda
483 1794 556 1832 LM,
582 1794 739 1826 cananda
764 1793 802 1833 G,
828 1794 982 1825 canenda
1006 1793 1047 1825 L2
1072 1794 1146 1825 cod.
1173 1794 1336 1825 Venetus.
1385 1792 1438 1824 his
1462 1792 1620 1829 notanda,

87 1846 132 1877 ob
150 1846 212 1877 has
231 1849 323 1877 artes
341 1848 376 1876 et
394 1846 459 1877 hoe
478 1845 633 1876 studium
726 1847 877 1878 102-117
896 1855 976 1876 cum
994 1845 1183 1876 uicensima
1200 1845 1327 1876 Arietis
1345 1847 1445 1885 parte
1463 1844 1622 1875 oriuntur

88 1897 212 1928 Haedi.
261 1897 303 1928 de
330 1897 446 1928 Ariete
474 1897 696 1927 consentiunt
723 1899 888 1937 excerpta
915 1896 1042 1927 codicis
1070 1896 1272 1927 Barocciani
1299 1896 1341 1927 94
1370 1895 1457 1926 Boll.
1485 1895 1621 1936 sphaer.

88 1959 120 1989 p.
145 1949 209 1979 465
302 1950 365 1981 102
386 1947 473 1979 aries
495 1947 560 1986 GL,
583 1949 673 1979 artes
695 1947 731 1978 M
820 1951 921 1984 ortus,
945 1947 1079 1984 oriens3
1115 1950 1232 1979 ortum
1253 1947 1345 1978 enim
1367 1947 1494 1978 dicitur
1515 1946 1621 1977 etiam

88 1999 182 2039 quod
203 2009 274 2030 non
294 2002 411 2030 totum
432 1999 572 2030 emersit
593 1999 740 2040 signum,
763 1998 861 2029 uelut
883 1998 996 2030 Germ.
1021 1999 1145 2039 phaen.
1170 1999 1234 2030 699
1255 1998 1339 2029 hanc
1362 1998 1476 2029 Pisces
1497 1997 1622 2028 abdunt

86 2050 160 2087 orti,
190 2050 279 2081 ὁπότ’
306 2052 512 2088 ἀντέλλωσιν,
540 2049 631 2080 Man.
660 2058 683 2080 V
709 2050 784 2081 538.
840 2052 954 2090 partes
977 2060 1047 2080 non
1074 2053 1169 2081 ortus
1193 2049 1254 2080 sed
1279 2049 1398 2080 sideris
1421 2051 1525 2080 sunt:
1566 2049 1622 2085 57,

91 2103 152 2133 118
175 2112 239 2142 sq„
267 2102 339 2138 128,
367 2103 425 2132 141
521 2104 583 2134 103
607 2100 684 2133 hedi
712 2100 750 2140 G,
774 2100 912 2132 haeduli
936 2100 988 2139 L2,
1012 2100 1128 2132 heduli
1150 2100 1223 2139 LM,
1248 2100 1338 2132 eduli
1361 2100 1435 2131 cod.
1455 2100 1620 2131 Venetus.

88 2152 209 2184 C.G.L.
225 2161 248 2183 V
261 2163 294 2193 p.
310 2154 375 2184 459
389 2153 431 2184 28
445 2152 638 2183 Haedorum
652 2152 766 2193 (Verg.
783 2162 895 2193 georg.
911 2160 925 2182 1
939 2153 1029 2191 205),
1044 2152 1193 2192 Ἐρὶφων,
1205 2151 1240 2183 id
1250 2155 1296 2182 est
1308 2151 1465 2183 kaedulos
1479 2151 1622 2182 minores

87 2205 208 2244 (quam
222 2203 387 2245 Capella),
401 2214 483 2234 nam
496 2204 546 2234 ita
560 2203 663 2244 uulgo
677 2203 955 2244 appellabantur,
970 2203 1067 2234 uelut
1080 2203 1184 2235 schol.
1200 2203 1313 2235 Germ.
1330 2203 1447 2244 Breys.
1462 2213 1495 2244 p.
1514 2203 1576 2234 108
1591 2203 1621 2238 6,

89 2265 212 2286 comm.
236 2255 271 2286 in
292 2255 390 2286 Arat.
413 2255 538 2286 Maass.
562 2265 595 2296 p.
619 2255 683 2286 210
708 2256 748 2286 14
839 2254 1015 2285 tremulum
1036 2258 1182 2285 mentum
1205 2254 1354 2295 hirtaque
1376 2258 1472 2294 terqa.
1520 2262 1533 2284 1
1557 2254 1621 2285 845

86 2306 231 2346 capellas
252 2304 256 2349 Ι
276 2306 432 2337 mentitur
450 2330 456 2337 .
476 2331 482 2337 .
503 2330 509 2337 .
529 2305 619 2346 iqriis
639 2305 835 2346 qlomeratus
857 2306 894 2337 iu
917 2306 1007 2337 orbes·
1028 2304 1032 2349 Ι
1052 2305 1156 2337 hirta
1173 2305 1355 2346 fiqurantis
1379 2304 1541 2337 tremulo
1561 2304 1622 2336 sub

87 2357 213 2388 lumine
241 2361 381 2394 merita,
407 2358 506 2389 Lucr.
524 2366 568 2388 III
584 2359 602 2388 7
631 2357 810 2388 tremulis
827 2381 834 2388 .
854 2381 861 2388 .
881 2381 888 2388 .
907 2356 1044 2388 artubus
1070 2356 1186 2388 haedi
1339 2359 1402 2390 104
1425 2355 1622 2398 promittere

88 2408 161 2447 LM,
178 2408 361 2450 producere
378 2408 406 2440 G
422 2419 463 2439 ex
483 2409 555 2440 103.
604 2419 673 2440 non
690 2408 793 2440 simul
809 2411 956 2449 surgunt
972 2411 1091 2439 menta
1107 2411 1143 2439 et
1159 2411 1256 2449 terga
1272 2408 1332 2440 sed
1348 2408 1414 2439 illis
1431 2407 1622 2439 orientibus

88 2459 171 2491 haec
211 2460 342 2491 oritura
380 2460 645 2501 promittuntur.
692 2459 866 2490 intellexit
904 2459 1102 2500 Pingraeus,
1143 2459 1309 2491 stolidum
1347 2459 1435 2500 Fayi
1473 2468 1622 2490 errorem

89 2510 365 2552 Wageningenus
404 2511 547 2542 iterauit
636 2512 732 2551 terga
772 2509 852 2548 GL2,
892 2519 951 2542 aer
989 2510 1052 2542 LM
1144 2513 1295 2544 105—117
1334 2511 1468 2542 faciunt
1508 2509 1623 2540 Haedi

87 2560 245 2598 lasciuos,
271 2561 484 2598 libidinosos,
511 2561 640 2602 quique
666 2562 779 2602 stupri
804 2572 908 2592 eausa
934 2564 1082 2592 mortem
1108 2564 1290 2603 oppetant,
1316 2562 1423 2593 etiam
1449 2560 1622 2602 caprarios

87 2611 388 2644 fistula-canentes
480 2615 631 2646 105-107
650 2614 714 2644 450
740 2623 789 2653 sq.
807 2612 894 2653 facit
918 2622 976 2644 ora
999 2623 1157 2644 seuerae
1186 2611 1190 2656 Ι
1211 2613 1374 2653 frontis,
1400 2613 1464 2644 453
1490 2611 1623 2651 antiqui

89 2687 96 2694 .
115 2686 121 2693 .
139 2687 146 2693 .
165 2663 265 2694 uerba
289 2663 463 2700 Catonis,
488 2663 589 2694 Mart.
616 2672 656 2694 XI
681 2664 700 2694 2
729 2665 742 2694 1
771 2674 820 2704 sq.
847 2663 952 2694 duri.
974 2688 980 2694 .
1004 2688 1010 2694 .
1032 2674 1168 2695 seuera
1196 2663 1360 2695 Catonis
1389 2662 1393 2707 ξ
1415 2663 1541 2704 frons,
1562 2662 1621 2694 Sil.

90 2722 130 2744 XI
147 2715 188 2745 73
216 2714 436 2754 Torquatus
461 2725 564 2745 auum
582 2714 714 2755 fronte
738 2715 933 2755 aequauisse
956 2726 1092 2747 seuera
1121 2714 1125 2758 Ι
1152 2715 1274 2746 nobilis
1402 2718 1464 2748 105
1480 2713 1623 2746 necrede

90 2765 137 2802 M,
158 2774 220 2797 nee
242 2765 338 2797 crede
359 2765 424 2797 GL.
472 2769 573 2797 cauet
597 2776 641 2797 ne
659 2766 750 2797 forte
771 2777 791 2797 a
812 2767 953 2808 caprino
974 2767 1070 2808 signo
1091 2770 1309 2808 caperratam
1329 2767 1480 2798 frontem
1501 2775 1622 2806 expec-

91 2819 206 2848 temus
221 2829 228 2849 :
257 2817 354 2849 Varr.
370 2816 391 2849 l.
408 2817 445 2849 L.
463 2825 516 2848 VII
531 2818 593 2850 107
611 2817 618 2830 ‘
633 2821 806 2858 caperrata
813 2817 924 2860 fronte
940 2818 947 2831 ’
963 2828 984 2850 a
997 2828 1117 2859 caprae
1125 2817 1247 2859 fronte,
1262 2818 1352 2851 Non.
1368 2828 1401 2859 p.
1419 2818 1438 2850 8
1452 2825 1623 2858 caperrare
