1855 3088
611 125 1093 169 ASTRONOMIGON
1124 126 1165 168 V
1596 130 1650 168 25

286 238 571 293 currentisque
591 238 699 279 feras
718 238 961 293 pedicamm
980 238 1180 292 compede
1200 242 1378 279 nectunt

286 317 362 353 aut
381 312 554 353 canibus
573 312 735 354 serroue
754 317 908 353 necant
927 313 1187 366 praedasque
1206 316 1437 366 reportant.

286 391 385 427 sunt
405 386 557 441 quibus
576 386 620 427 in
639 374 770 441 ponto
791 386 980 427 studium
999 392 1063 427 est
1083 386 1237 440 cepisse
1257 386 1441 427 ferarum

167 467 232 498 190
286 460 471 501 diuersas
491 460 616 501 facies
637 465 680 501 et
699 474 821 501 caeco
841 474 977 501 mersa
995 460 1205 514 profundo

286 539 467 575 sternere
487 534 643 575 litoreis
662 539 948 575 monstrorum
967 548 1140 588 corpora
1159 533 1325 574 harenis

286 607 622 663 horrendumque
642 608 759 649 fretis
778 608 822 649 in
841 607 950 649 bella
969 608 1167 649 lacessere
1187 612 1366 662 pontum

286 686 329 723 et
348 682 482 723 colare
502 696 632 736 uagos
650 682 834 723 inductis
853 681 1012 723 retibus
1033 682 1168 722 amnis

286 770 335 797 ac
353 770 427 810 per
445 756 560 797 nulla
579 756 697 811 sequi
716 756 866 797 dubias
885 755 1063 810 uestigia
1083 756 1272 810 praedas,

167 837 232 868 195
286 830 475 872 luxuriae
495 830 594 885 quia
612 835 725 872 terra
744 844 907 885 parum,
929 830 1095 871 fastidit
1114 835 1157 871 et
1177 830 1321 870 orbem

126 981 194 1014 GL2
210 983 372 1015 illiciente
387 983 535 1015 fortasse
553 983 653 1016 Ouid.
672 986 754 1015 met.
773 992 823 1014 xv
843 984 904 1016 153
914 983 1100 1024 formidine
1117 982 1230 1014 mortis
1247 983 1394 1014 similiue
1410 982 1497 1014 loco.
1536 983 1654 1014 formi-

125 1034 226 1071 dinis,
252 1035 316 1066 hoc
343 1037 396 1066 est
419 1034 530 1066 lineae
555 1035 669 1076 pinnis
695 1035 891 1071 distinctae,
918 1034 1089 1065 uocabulo
1115 1035 1290 1065 adiectum
1318 1033 1430 1065 mortis
1455 1034 1654 1074 genetiuum

124 1085 205 1116 ferri
218 1096 288 1117 non
302 1096 401 1126 posse
416 1089 595 1117 senserunt
610 1086 760 1117 Huetius
774 1089 810 1117 et
824 1085 1049 1116 Marklandus
1064 1085 1109 1116 ad
1125 1085 1213 1116 Stat.
1229 1085 1305 1116 silu.
1324 1095 1336 1116 1
1351 1086 1370 1116 3
1386 1087 1439 1121 50,
1455 1085 1514 1126 qui
1527 1085 1656 1125 pinnae

125 1138 389 1177 proposuerunt,
412 1137 496 1168 item
520 1136 708 1173 Bentleius,
731 1137 791 1177 qui
813 1137 951 1177 scripsit
972 1136 1131 1167 claudunt
1154 1140 1264 1167 uastos
1281 1135 1466 1176 formidine
1488 1140 1611 1167 montes

216 1189 278 1220 189
303 1187 387 1218 ordo
411 1190 464 1218 est
490 1187 527 1218 in
549 1191 650 1227 ponto
675 1187 821 1227 cepisse:
862 1186 1058 1218 Bentleium
1083 1190 1320 1218 transuersum
1345 1188 1415 1227 egit
1439 1196 1477 1218 IV
1503 1188 1567 1218 274

164 1237 316 1279 ferarum
332 1248 455 1280 nempe
472 1239 695 1275 marinarum,
712 1238 748 1269 id
763 1242 816 1270 est
832 1239 989 1279 piscium,
1005 1248 1220 1279 quamquam
1236 1239 1266 1269 ei
1283 1249 1303 1269 a
1318 1239 1398 1269 feris
1415 1238 1657 1269 discernuntur

127 1288 203 1320 Sen.
222 1299 274 1330 ep.
294 1290 313 1320 8
329 1290 348 1321 3
366 1293 393 1321 et
403 1289 480 1330 fera
495 1294 524 1320 et
537 1288 653 1329 piscis.
701 1289 940 1320 Albinouanus
956 1289 1051 1330 apud
1067 1289 1232 1321 Senecam
1249 1299 1338 1320 suas.
1358 1298 1370 1319 1
1389 1291 1428 1320 15
1445 1290 1544 1330 (frag.
1562 1293 1654 1330 poet.

127 1339 227 1371 Rom.
250 1340 372 1371 Baehr.
393 1351 426 1381 p.
447 1341 522 1377 351,
543 1340 660 1371 Morel.
681 1351 714 1381 p.
737 1342 813 1380 115)
836 1342 875 1372 10
895 1351 945 1381 sq.
966 1350 1061 1380 seque
1075 1339 1182 1380 feris
1205 1340 1339 1371 credunt
1360 1350 1420 1380 per
1439 1339 1561 1371 inertia
1581 1340 1657 1380 fata

126 1390 298 1422 marinis
315 1414 322 1422 .
341 1415 349 1422 .
368 1415 376 1422 .
393 1391 571 1422 laniandos
588 1415 595 1422 .
615 1415 621 1422 .
641 1415 648 1422 .
667 1391 813 1431 relinqui
911 1391 974 1423 190
1006 1399 1117 1422 mersa
1150 1390 1224 1422 cod.
1259 1390 1372 1427 Bodi,
1405 1391 1509 1422 missa
1538 1390 1656 1428 GL2M‚

125 1441 228 1473 misso
244 1442 269 1473 L
285 1454 291 1473 :
321 1442 400 1473 uide
416 1451 454 1473 IV
470 1443 532 1474 897
549 1452 598 1483 sq.
617 1442 784 1474 animalia
800 1466 806 1474 .
826 1467 833 1474 .
853 1466 860 1474 .
880 1453 987 1474 mersa
1001 1442 1112 1478 uadis,
1129 1451 1158 1473 11
1174 1443 1215 1474 93
1231 1452 1281 1483 sq.
1299 1443 1468 1473 submersa
1477 1442 1575 1483 fretis
1593 1467 1600 1474 .
1620 1467 1627 1474 .
1647 1467 1654 1474 .

125 1492 301 1524 animalia.
349 1493 496 1525 absurde
530 1493 688 1530 Iacobus,
723 1494 819 1525 cuius
852 1493 960 1524 uerba
993 1494 1269 1534 Wageningenus
1302 1495 1494 1534 exscripsit,
1529 1494 1658 1534 phocas

124 1543 276 1584 intellegi
303 1544 411 1581 iubet,
440 1555 527 1585 quas
555 1544 714 1576 litoribus
741 1544 953 1586 profundum
985 1545 1116 1581 mittat,
1145 1544 1264 1576 adlato
1294 1544 1381 1586 Opp.
1412 1544 1481 1575 hal.
1511 1554 1555 1575 111
1584 1546 1657 1581 138,

126 1595 186 1625 ubi
203 1605 264 1626 nec
282 1595 324 1626 de
341 1595 460 1636 phocis
476 1606 538 1627 nec
560 1595 602 1626 de
618 1595 778 1626 litoribus
795 1605 857 1627 nec
875 1595 917 1626 de
935 1595 1135 1636 corporibus
1152 1596 1325 1636 profundo
1343 1596 1454 1626 missis
1471 1597 1658 1636 quicquam

126 1646 262 1683 dicitur,
280 1656 400 1677 uerum
417 1647 459 1677 de
476 1647 609 1687 magnis
624 1647 775 1687 piscibus
790 1647 899 1678 fundo
916 1647 1020 1678 maris
1032 1647 1302 1678 inhaerentibus.
1350 1648 1540 1688 phocarum
1557 1658 1658 1678 carne

126 1696 257 1728 Nereus
272 1696 525 1729 luxuriosorum
537 1697 654 1738 gulam
666 1708 737 1729 non
748 1697 915 1738 pascebat
1006 1700 1067 1731 191
1080 1701 1219 1729 sternere
1237 1698 1380 1729 Ouidius
1397 1709 1553 1738 exponere
1570 1699 1660 1730 dixit

127 1750 208 1779 met.
227 1757 297 1779 XIII
311 1749 374 1780 933
390 1751 425 1779 et
440 1748 601 1779 Manilius
616 1757 653 1780 1v
673 1749 736 1780 286
752 1748 963 1789 litoribusque
982 1749 1055 1780 suis
1070 1749 1214 1789 populos
1233 1759 1390 1789 exponere
1406 1754 1517 1789 captos
1532 1762 1539 1780 :
1570 1750 1659 1781 adde

127 1807 152 1830 V
176 1800 239 1830 667
265 1803 328 1831 toto
355 1799 526 1831 iacuerunt
552 1799 645 1831 litore
668 1800 812 1840 praedae
902 1803 1120 1831 monstrorum
1147 1801 1286 1831 nomine
1312 1800 1485 1840 quaedam
1513 1802 1659 1842 piscium

127 1849 280 1881 edulium
295 1861 429 1891 genera,
446 1854 487 1882 ut
502 1851 628 1891 thynni
644 1851 748 1891 (663),
766 1851 811 1882 ob
833 1851 1107 1892 magnitudinem
1124 1851 1291 1892 appellari
1310 1855 1467 1892 possunt,
1484 1852 1544 1883 sed
1560 1852 1660 1893 plura

127 1901 172 1932 ob
195 1901 299 1932 miras
321 1904 357 1932 et
379 1902 522 1933 terrenis
545 1901 725 1933 dissimiles
747 1901 884 1942 figuras.
933 1901 1020 1933 Plin.
1050 1902 1119 1933 n.h.
1145 1910 1185 1932 IX
1213 1903 1232 1932 2
1261 1902 1298 1933 in
1323 1903 1434 1934 mari.
1453 1927 1461 1934 .
1480 1927 1487 1934 .
1503 1903 1660 1943 pleraque

130 1951 230 1983 etiam
253 1953 454 1994 monstrifica
475 1953 685 1992 reperiuntur
704 1952 873 1992 perplexis
896 1957 923 1984 et
947 1953 985 1983 iu
1006 1957 1104 1984 semet
1127 1953 1222 1984 aliter
1244 1957 1338 1994 alque
1355 1953 1450 1985 aliter
1465 1964 1555 1985 nunc
1571 1955 1660 1996 flatu

129 2012 218 2034 nunc
224 2003 331 2044 fluctu
343 2003 527 2035 couuolutis
538 2004 721 2035 seminibus
733 2007 828 2044 atque
837 2003 1033 2044 principiis,
1046 2014 1126 2035 uera
1138 2008 1174 2035 ut
1183 2004 1247 2045 fiat
1260 2005 1355 2044 uulqi
1367 2005 1484 2045 opinio
1496 2005 1660 2046 quidquid

129 2058 285 2086 nascatur
307 2054 344 2086 in
364 2059 457 2095 parte
480 2059 618 2086 naturae
640 2055 710 2086 ulla
731 2058 760 2086 et
782 2055 820 2086 in
842 2055 930 2086 mari
951 2066 1029 2092 esse,
1050 2059 1240 2095 praeterque
1263 2056 1367 2087 multa
1388 2067 1472 2096 quae
1493 2067 1659 2098 nusquam

129 2105 221 2137 alibi.
268 2106 388 2137 eodem
420 2107 571 2147 pertinet
595 2105 703 2147 facies
737 2107 798 2138 190
888 2106 1024 2138 harenis
1058 2107 1111 2137 ed.
1146 2106 1383 2144 Bononiensis,
1416 2107 1557 2139 habenis
1590 2108 1658 2140 GrL2

128 2156 203 2188 cod.
221 2157 383 2194 Venetus,
399 2157 528 2189 habens
543 2157 580 2195 L,
596 2157 728 2189 habetis
743 2157 779 2189 M
872 2160 936 2190 192
949 2157 1045 2189 fretis
1062 2157 1099 2194 G,
1115 2157 1233 2189 fractis
1249 2157 1301 2196 L2‚
1317 2158 1420 2199 pretis
1436 2159 1472 2197 L,
1488 2159 1595 2200 precis
1611 2160 1658 2191 M.

128 2210 276 2248 pontum
296 2208 505 2240 horrendum
525 2207 661 2240 faciunt
680 2208 770 2239 freta
790 2208 874 2245 eius,
896 2208 962 2240 hoc
983 2211 1037 2239 est
1057 2219 1169 2249 aquae
1189 2209 1460 2241 efferuescentes.
1509 2210 1584 2242 Val.
1607 2210 1659 2242 Fi.

128 2267 143 2289 Ι
159 2260 223 2291 580
239 2269 338 2300 rupes
354 2259 516 2291 horrenda
525 2259 634 2300 fretis,
653 2260 752 2300 Verg.
771 2269 884 2300 georg.
903 2268 917 2290 1
933 2260 997 2291 327
1009 2259 1178 2300 feruetque
1189 2259 1288 2300 fretis
1303 2261 1512 2300 spirantibus
1529 2272 1659 2302 aequor,

129 2310 223 2342 Seru.
243 2310 328 2342 Aen.
349 2319 363 2342 Ι
381 2311 444 2343 607
461 2311 597 2351 proprie
609 2310 734 2351 fretum
752 2314 797 2342 est
816 2321 906 2341 mare
925 2311 1121 2342 naturaliter
1140 2311 1266 2348 mobile,
1287 2312 1326 2342 ab
1346 2312 1515 2344 undarum
1528 2312 1660 2353 feruore

128 2360 337 2393 nominatum
425 2361 588 2394 lacessere
623 2360 704 2399 GL2,
738 2371 867 2393 cessere
901 2361 965 2393 LM
1056 2364 1119 2395 193
1153 2362 1269 2399 colare,
1309 2362 1412 2404 ‘quia
1446 2364 1659 2404 piscatorum

129 2422 251 2444 nassae
270 2415 306 2444 et
326 2413 413 2444 retia
432 2413 679 2444 transmittunt
699 2422 828 2453 aquam
843 2413 850 2425 '
873 2413 1053 2444 Turnebus
1074 2413 1154 2444 adu.
1177 2422 1299 2444 XXVIII
1319 2424 1346 2445 c.
1371 2416 1422 2446 15.
1467 2415 1660 2447 Ausonium

131 2464 195 2495 393
226 2464 268 2495 57
298 2464 369 2495 cola
398 2464 489 2495 inter
518 2463 766 2505 supellectilem
796 2464 1019 2505 piscatoriam
1051 2474 1241 2495 memorare
1272 2465 1457 2497 adnotauit
1489 2467 1660 2507 Scaliger,
1653 2479 1660 2485 ·

132 2514 220 2545 adde
244 2514 349 2546 schol.
374 2515 432 2546 Ar.
457 2525 550 2556 uesp.
578 2515 620 2546 99
645 2516 816 2546 δικτυῶδεσ
842 2517 894 2546 καὶ
919 2517 1068 2553 ἠθμῶδεο-
1160 2518 1223 2548 194
1246 2515 1364 2548 dubias
1390 2517 1576 2554 Bentleius‚
1602 2519 1662 2558 qui

131 2565 246 2596 adfert
266 2565 394 2597 Mosoh.
417 2574 441 2596 V
463 2566 482 2597 9
503 2575 553 2606 sq.
579 2566 594 2597 ὀ
616 2568 752 2606 Ὑριπεὺσ·
769 2589 776 2597 .
796 2589 802 2597 .
823 2589 829 2596 .
849 2564 873 2606 ᾧ
889 2590 896 2597 .
917 2590 923 2597 .
943 2590 950 2597 .
970 2568 1083 2606 ἰχθύεσ
1107 2567 1126 2598 ἁ
1150 2569 1277 2598 πλάνοσ
1301 2569 1396 2607 ἄγρα,
1421 2567 1552 2600 dubitat
1572 2568 1662 2606 libri,

131 2615 281 2647 dubitant
304 2616 452 2657 Scaliger
475 2616 517 2648 de
541 2616 615 2647 sola
637 2617 865 2657 grammatica
888 2618 1009 2658 (quam
1031 2617 1144 2658 ipsam
1168 2618 1316 2649 Iacobus
1340 2620 1546 2658 contemnit)
1571 2619 1663 2651 solli-

131 2667 232 2703 citus,
256 2668 350 2708 quod
373 2678 452 2699 cum
474 2668 693 2708 negationem
715 2668 903 2709 requireret
927 2667 1121 2700 Gronouius
1144 2679 1182 2700 ac
1207 2669 1244 2700 in
1270 2679 1328 2700 uec
1354 2671 1507 2701 mutauit
1534 2670 1605 2702 obs.
1635 2680 1663 2703 11

132 2728 159 2749 c.
185 2719 235 2750 11.
282 2718 347 2750 1100
367 2719 512 2760 piscium
531 2719 710 2760 proprium
730 2722 793 2756 est,
815 2722 855 2750 ut
875 2720 1032 2760 uestigia,
1053 2719 1179 2761 quibus
1199 2720 1418 2761 indagentur,
1439 2732 1510 2752 non
1529 2722 1662 2754 faciant

131 2772 382 2811 proptereaque
405 2770 518 2801 minus
541 2773 636 2801 certa
657 2770 793 2801 ratione
815 2771 998 2811 capiantur
1089 2774 1152 2806 195
1177 2773 1241 2805 196
1263 2772 1343 2803 uide
1366 2773 1430 2803 374
1453 2783 1516 2814 sq„
1541 2773 1660 2805 Pacat.

132 2831 212 2862 pan.
241 2822 281 2852 14
303 2822 324 2853 2
347 2820 464 2852 horum
485 2821 581 2862 qulae
603 2825 765 2862 anqustiis
789 2824 858 2853 erat
880 2825 988 2853 noster
1010 2821 1108 2860 orbis,
1133 2822 1210 2855 Sen.
1236 2833 1288 2865 ep.
1315 2824 1357 2856 89
1380 2824 1422 2855 22
1445 2834 1584 2864 quorum
1601 2849 1608 2857 .
1628 2849 1635 2857 .
1655 2849 1662 2856 .
