1855 3088
583 126 773 169 LIBRO
806 127 828 167 I
860 127 1164 170 ADDENDA
1557 132 1633 171 131

154 240 217 272 657
239 237 341 269 Mart.
359 246 411 269 VII
430 238 470 269 72
488 238 508 269 6
522 248 580 269 seu
594 250 628 278 γ,
643 238 700 270 3εά
713 241 747 279 β,
761 238 848 270 Vitr.
865 247 908 269 111
922 238 1029 280 praef.
1049 239 1063 270 1
1081 238 1138 270 sed
1151 237 1229 270 libri
1244 249 1306 280 pro
1320 249 1388 271 seu.
1437 239 1503 272 oie.
1521 240 1564 272 de
1578 240 1637 273 off.

108 299 121 321 1
137 290 178 322 43
207 289 244 320 si
272 288 464 329 locupletent
480 299 532 320 eos
560 299 799 330 quacumque
827 290 965 326 ratione,
986 290 1062 321 qu.
1085 298 1154 321 xm
1172 292 1214 321 55
1234 300 1284 330 sq.
1305 290 1341 321 si
1365 290 1500 322 iuuenis
1526 292 1635 323 uetulo

108 351 175 372 non
190 340 416 372 adsurrexerat
432 343 461 371 et
488 340 524 371 si
546 338 549 381 Ι
569 339 700 371 barbato
728 341 958 381 cuicumque
980 351 1074 380 puer.

153 393 217 424 680
239 401 301 432 pro
324 389 455 422 caelato
473 389 602 422 lumine
621 394 712 422 recte
732 394 771 422 ut
790 394 876 432 puto
896 391 975 422 lato
995 391 1211 423 caelamine
1231 391 1404 424 Garrodus
1424 393 1459 424 in
1478 393 1638 425 Classical

108 441 290 482 Quarterly
314 452 368 472 an.
397 442 480 472 1908
503 452 535 482 p.
563 442 647 473 131:
688 441 766 473 uide
793 442 832 473 Il.
861 442 937 473 Lat.
965 443 1028 474 630
1053 442 1262 482 insiqnem
1285 443 1382 474 uario
1405 444 1636 476 caelamine

107 492 274 523 balteum
288 495 324 523 et
339 491 438 523 Ouid.
456 494 537 523 met.
555 500 583 522 11
600 493 660 523 130
676 492 718 523 de
733 492 873 524 zodiaco
888 492 953 524 lato
968 492 1173 524 curuamine.
1222 493 1317 534 quod
1331 493 1448 526 lumen
1463 495 1636 526 caelatum

106 553 175 575 non
199 553 271 574 esse
296 542 355 574 sed
380 542 591 574 caelaturam
615 542 727 574 facere
751 543 835 580 dixi,
861 544 1034 575 consentit
1059 543 1283 576 Germanicus
1308 545 1431 586 phaen.
1460 546 1522 577 602
1548 545 1636 578 claro

106 593 251 626 caelatus
267 593 391 625 balteus
407 593 488 634 iyni.

151 647 302 679 681-683
325 645 478 686 quinque
502 648 613 676 terrae
638 655 741 677 zonas
764 645 956 677 Martianus
974 645 1107 686 fasceae
1129 646 1284 687 appellat
1306 646 1351 678 ad
1375 647 1636 680 similitudinem

105 697 212 728 trium
227 696 413 728 fasciarum
433 696 469 727 in
489 706 575 736 quas
592 696 772 727 architecti
788 696 988 738 epistylium
1005 696 1181 734 diuidunt,
1200 697 1286 729 Vitr.
1306 706 1349 729 111
1365 699 1385 729 5
1405 700 1454 730 10.
1496 699 1636 731 zodiaco

105 747 225 779 melius
242 747 404 779 conuenit
418 746 515 778 limbi
530 747 654 787 imago,
672 747 768 778 Varr.
786 757 841 778 r.r.
857 756 885 778 11
901 748 920 779 3
935 749 953 779 7
967 747 1105 778 limbum
1119 752 1190 779 XII
1203 748 1393 788 siqnorum3
1422 759 1635 790 quamquam

104 809 174 830 non
201 798 319 830 celabo
347 798 441 830 Seru.
471 798 555 829 Aen.
586 807 623 828 IV
654 799 714 830 137
743 797 865 829 limbus
893 802 938 830 est
954 823 960 829 .
978 823 985 830 .
1003 823 1009 829 .
1021 798 1134 839 fascia
1162 809 1245 839 quae
1273 800 1375 830 ambit
1403 801 1635 832 extremitatem

103 849 257 881 uestium.
305 852 458 881 ceterum
478 849 608 890 Hygini
628 849 734 880 uerba
754 852 835 881 astr.
858 858 895 880 1v
915 851 935 880 5
955 849 1012 881 fin.
1035 849 1200 890 astroloqi,
1219 860 1294 882 cum
1312 861 1424 882 omnes
1440 862 1490 883 res
1507 852 1550 883 ad
1565 858 1635 884 XII

101 904 212 941 partes
227 903 425 937 remearent,
444 903 480 931 ut
503 910 630 931 menses
651 903 679 931 et
696 900 792 932 horas
814 904 842 932 et
861 900 1117 932 latitudinem
1136 901 1354 941 siqnorum,
1373 902 1481 942 itaque
1497 907 1525 934 et
1539 904 1636 943 siqua

103 976 110 984 .
128 975 135 983 .
152 976 159 983 .
176 957 247 983 XII
270 951 445 983 uoluerunt
468 961 535 983 esse
558 951 603 983 ad
626 952 796 983 rationem
820 962 841 983 a
864 952 1009 983 Gemino
1032 955 1068 983 et
1091 951 1263 984 Martiano
1286 953 1368 984 locis
1391 965 1412 985 a
1434 964 1488 986 me
1509 954 1635 986 adlatis

102 1003 297 1044 expositam
317 1005 472 1044 spectare
492 1002 677 1034 dicendum
696 1005 749 1034 est
769 1002 814 1034 ob
835 1002 938 1034 Bollii
957 1013 1106 1034 errorem
1127 1003 1260 1044 sphaer.
1283 1014 1315 1045 p.
1338 1006 1402 1036 336
1423 1016 1455 1036 11.
1481 1007 1494 1036 1
1514 1018 1520 1037 :
1556 1006 1634 1037 uide

101 1055 207 1086 etiam
227 1053 332 1085 schol.
354 1054 467 1085 Germ.
490 1053 542 1085 ed.
566 1053 683 1094 Breys.
706 1064 738 1095 p.
761 1055 826 1085 226
846 1054 900 1091 20,
922 1054 981 1086 ubi
1002 1054 1163 1086 zodiacus
1184 1063 1239 1086 XII
1259 1058 1376 1096 partes
1396 1055 1434 1087 in
1454 1056 1630 1089 latitudine

103 1105 229 1136 habere
245 1105 381 1136 dicitur.

149 1158 211 1189 691
235 1156 271 1187 in
288 1156 385 1187 Lucr.
405 1164 427 1186 v
443 1156 504 1187 401
524 1154 582 1186 Sol
598 1158 680 1187 ante
696 1165 751 1187 me
769 1155 979 1188 Giussam'us.

147 1209 211 1240 694
234 1215 258 1238 v
276 1208 315 1238 13
331 1206 414 1238 ratis
430 1206 574 1238 heroum.

146 1261 210 1292 '705
225 1261 261 1289 et
277 1260 341 1291 708
364 1257 428 1299 Ap.
448 1257 560 1289 Rhod.
580 1266 593 1288 Ι
614 1259 678 1289 545
699 1268 749 1299 sq.
771 1260 888 1299 μακραὶ
910 1258 937 1289 δ’
959 1259 1027 1289 αἰὲν
1050 1260 1271 1291 ἐλευκαίνοντο
1293 1262 1448 1298 κέλευθοι,
1467 1259 1634 1304 Ιὰτροιπὸσ

101 1311 147 1341 ὡσ
174 1311 319 1350 χλοεροῖο
349 1311 524 1347 διειδομένη
554 1310 682 1340 πεδίοιο.
733 1311 834 1341 uetus
859 1309 1093 1351 interpunctio
1114 1311 1162 1342 sic
1183 1313 1300 1352 potest
1320 1312 1449 1343 seruari
1470 1315 1511 1344 ut
1531 1323 1633 1345 uersu

100 1362 164 1393 708
185 1371 247 1402 pro
267 1364 303 1392 ut
324 1360 495 1392 scribatur
515 1363 596 1397 aut3
631 1370 713 1392 nam
736 1359 835 1402 longe
858 1360 958 1392 aliter
979 1360 1092 1392 uelut.
1110 1385 1117 1392 .
1134 1385 1142 1393 .
1158 1365 1194 1393 ut
1218 1366 1396 1404 ponuntur
1420 1363 1519 1404 Verg.
1545 1363 1629 1396 Aen.

100 1420 153 1444 VII
169 1413 233 1444 586
250 1422 300 1452 sq.

147 1465 211 1497 ⁰719
234 1463 362 1495 Auson.
376 1462 460 1494 Mos.
476 1463 539 1494 118
550 1472 599 1504 sq.
613 1462 717 1494 solido
733 1463 882 1505 (percae)
899 1463 937 1495 in
952 1473 1084 1504 corpore
1097 1467 1209 1504 partes
1230 1463 1235 1507 Ι
1254 1465 1472 1505 seqmentis
1491 1470 1633 1498 coeunt

100 1514 157 1546 sed
171 1514 394 1546 dissociantur
410 1514 533 1545 aristis.

145 1567 208 1600 723
232 1566 345 1597 nescio
365 1576 410 1597 an
430 1576 500 1597 non
519 1568 611 1597 recte
630 1565 779 1596 nondum
798 1565 1031 1607 praetulerim,
1052 1576 1134 1598 nam
1154 1567 1301 1598 mundus
1320 1568 1356 1599 in
1376 1568 1539 1600 mundum
1559 1570 1632 1601 sine

99 1627 202 1648 causa
222 1620 342 1658 aperta
362 1617 491 1648 mutari
511 1617 663 1657 potuisse
684 1617 847 1654 ostendit,
868 1620 909 1649 ut
928 1617 992 1648 hoc
1013 1621 1103 1655 utar,
1125 1617 1201 1650 Sen.
1225 1618 1305 1650 dial.
1328 1627 1380 1650 vn
1401 1620 1420 1651 8
1440 1621 1461 1650 4
1482 1620 1629 1652 mundus

98 1667 274 1708 (mundum
289 1668 381 1708 libri)
398 1677 523 1708 quoque
538 1671 656 1699 cuncta
671 1667 884 1708 conplectens.
932 1669 1022 1700 adde
1041 1669 1134 1700 Man.
1154 1678 1181 1700 11
1201 1671 1265 1701 422
1284 1680 1413 1701 annum
1429 1681 1491 1712 pro
1508 1682 1631 1708 annus,

97 1720 172 1757 493,
191 1728 235 1750 111
252 1721 327 1751 547.

142 1772 207 1804 ’726
230 1770 328 1811 Verg.
355 1770 439 1802 Aen.
467 1779 481 1801 1
508 1771 569 1802 122
595 1770 682 1802 laxis
706 1770 845 1802 laterum
869 1771 1093 1811 compaqibus,
1119 1771 1195 1804 Sen.
1223 1772 1304 1803 dial.
1331 1781 1369 1804 1v
1396 1774 1436 1805 10
1462 1775 1482 1805 8
1507 1773 1630 1806 laxatis

95 1821 308 1862 conpaqibus,
327 1821 420 1853 Curt.
439 1830 477 1852 IV
493 1822 514 1852 4
533 1822 583 1858 12,
601 1821 695 1853 Suet.
714 1821 801 1863 Aug.
819 1822 862 1854 43
879 1823 909 1853 5.

142 1875 206 1906 728
229 1873 320 1914 Hyg.
340 1872 410 1904 fab.
432 1874 472 1903 14
490 1872 556 1913 (ed.
577 1872 690 1904 Schm.
710 1883 743 1914 p.
763 1874 805 1904 45
822 1874 857 1913 4)
877 1873 1003 1905 truncis
1027 1873 1181 1905 arborum
1198 1873 1236 1905 in
1253 1884 1394 1906 cuneum
1411 1875 1548 1913 adactis,
1566 1876 1631 1908 hoc

96 1926 149 1956 est
165 1924 271 1965 spisse
288 1924 509 1955 coaceruatis.

142 1977 294 2009 ’735-749
318 1974 436 2006 Dielsii
450 1974 492 2006 de
506 1974 607 2006 huius
621 1975 813 2006 sententiae
826 1975 924 2007 fonte
937 1985 1085 2007 errorem
1100 1985 1186 2008 mus.
1203 1976 1313 2008 Rhen.
1330 1987 1385 2009 an.
1404 1978 1488 2010 1879
1501 1989 1534 2019 p.
1551 1979 1627 2016 490.

95 2036 200 2067 quern
215 2027 322 2058 tacite
339 2026 480 2063 correxi,
498 2028 616 2057 tamen
632 2029 805 2067 repetunt.

142 2079 205 2111 '736
229 2077 359 2109 G.L.K.
382 2086 420 2109 1v
439 2087 472 2118 p.
495 2078 559 2109 396
580 2078 665 2109 20-2
686 2077 919 2118 episynaliphe
939 2081 985 2109 est
1004 2077 1242 2119 conylutinatio
1261 2078 1405 2110 duarum
1425 2079 1628 2120 syllabarum

95 2129 133 2160 in
156 2139 261 2160 unam
279 2128 371 2170 facta
394 2128 560 2160 contraria
583 2128 735 2166 diaereSi}
760 2132 796 2160 ut
820 2128 990 2161 Phaethon
1011 2139 1073 2170 pro
1097 2129 1279 2166 Phaethon,
1305 2130 1407 2162 Nerei
1427 2141 1490 2171 pro
1514 2132 1628 2169 Nerei,

95 2189 118 2212 v
134 2191 167 2222 p.
186 2181 251 2212 278
268 2182 286 2212 7
304 2190 367 2220 sq.‚
385 2191 417 2221 p.
437 2180 502 2211 389
521 2181 571 2211 19.

139 2233 204 2265 739
227 2230 304 2263 sen.
318 2231 445 2263 Phaed.
460 2231 587 2263 309-11
601 2230 683 2262 arsit
694 2230 823 2262 obscuri
833 2231 894 2263 dea
904 2230 994 2263 clara
1005 2231 1123 2263 mundi
1144 2230 1148 2275 Ι
1168 2235 1257 2264 nocte
1269 2232 1393 2264 deserta
1408 2234 1629 2274 nitidosque

90 2281 193 2323 fratri
214 2281 218 2325 Ι
238 2281 375 2313 tradidit
402 2291 542 2314 currus
570 2281 666 2313 aliter
681 2281 845 2322 reyendos.

140 2335 204 2367 ¹740
227 2333 355 2364 Iacobo
371 2336 407 2364 et
424 2333 592 2364 Becherto
609 2333 732 2364 tertius
749 2333 893 2365 accessit
908 2333 1193 2375 Wageningenus.

140 2386 204 2418 '742
227 2383 303 2416 sen.
326 2383 415 2415 Med.
440 2385 503 2416 600
525 2384 695 2415 immemor
716 2387 818 2416 metae
839 2384 974 2416 iuuenis
993 2388 1175 2425 paternae;
1210 2385 1269 2417 Sil.
1293 2394 1348 2417 ΧΠ
1370 2387 1433 2418 735
1455 2390 1543 2419 metu
1563 2397 1626 2429 pro

94 2438 179 2467 nutu
196 2435 269 2467 cod.
289 2445 387 2467 unus.
435 2445 649 2476 quamquam
666 2435 761 2466 haud
777 2435 847 2467 scio
864 2445 909 2467 an
925 2439 1010 2467 nutu
1027 2446 1069 2467 ex
1086 2436 1208 2476 spatiis
1226 2439 1342 2468 ortum
1359 2437 1414 2469 sit.

143 2489 207 2520 748
231 2486 307 2518 Sen.
333 2486 422 2519 H.O.
447 2487 510 2518 680
532 2496 581 2527 sq.
606 2486 815 2526 (Phaethon)
840 2486 998 2518 Phoebeis
1022 2487 1156 2527 iqnota
1174 2491 1288 2528 petens
1305 2486 1310 2531 Ι
1325 2488 1458 2521 sidera
1476 2489 1628 2530 flammis

95 2540 223 2569 errante
238 2541 318 2569 rota.

139 2591 202 2622 '750
225 2589 300 2620 Liu.
325 2597 338 2619 1
363 2590 381 2620 7
407 2591 427 2621 2
452 2591 488 2620 et
512 2597 589 2619 xxv
618 2591 656 2621 17
682 2590 702 2619 4
725 2588 893 2628 uulqatior
910 2588 1019 2629 fama.
1067 2592 1209 2631 propter
1233 2591 1451 2631 quorundem
1478 2602 1627 2623 errorem

93 2639 279 2671 dicendum
301 2642 354 2671 est
375 2639 462 2671 duas
484 2641 626 2671 omnino
647 2650 668 2670 a
690 2642 794 2680 poeta
815 2641 1078 2672 commemorari
1099 2640 1232 2679 famas3
1257 2644 1388 2673 ceteras
1410 2642 1503 2673 orbis
1523 2642 1627 2674 lactei

92 2701 214 2722 causas
245 2690 402 2722 uersibus
435 2692 565 2723 718—34
595 2691 773 2731 expositas
804 2690 889 2722 nihil
922 2691 1070 2723 fabulosi
1099 2691 1226 2724 habere
1253 2692 1314 2724 sed
1341 2692 1626 2735 philosophorum

92 2742 283 2773 sententias
299 2752 382 2774 esse.

137 2795 200 2826 *761
224 2793 373 2825 contulit
388 2793 535 2825 Iacobus
550 2803 662 2835 progr.
680 2792 805 2825 Lubec.
823 2804 878 2825 an.
898 2795 982 2826 1832
998 2804 1031 2836 p.
1049 2795 1069 2825 5
1084 2794 1221 2826 Nemes.
1240 2795 1315 2826 buc.
1333 2804 1347 2826 1
1361 2796 1404 2827 40
1419 2795 1625 2836 sidereasque

91 2843 200 2876 colunt
213 2844 302 2876 sedes
315 2844 499 2885 mundoque
506 2844 681 2886 fruuntur,
695 2845 755 2886 qui
768 2855 887 2877 uersus
900 2849 999 2877 extat
1012 2846 1116 2877 etiam
1132 2856 1235 2878 carm.
1251 2847 1354 2888 epigr.
1371 2846 1498 2879 Buech.
1515 2849 1577 2880 755
1591 2849 1621 2879 3.
