1855 3088
193 95 249 133 40
785 91 847 133 M.
879 90 1131 133 MANILII

352 204 508 245 erranti
528 203 673 245 similis
692 204 874 245 fratrum
893 204 1071 259 uestigia
1091 204 1257 259 quaerit

351 283 532 333 postque
551 292 718 333 gregem
737 278 861 333 longo
881 279 1128 333 producitur
1146 278 1383 328 interuallo,

351 353 529 394 sollertis
549 352 712 395 animos
731 353 978 408 agitataque
997 358 1169 408 pectora
1189 353 1233 394 in
1251 368 1352 394 usus

225 434 293 466 315
350 427 519 482 ecfingit
537 427 677 469 uarios
696 442 773 469 nec
793 427 1031 469 deficientia
1051 428 1160 469 curis

350 516 426 543 nec
446 506 648 543 contenta
668 502 807 544 domo.
865 502 1011 557 populi
1030 507 1131 544 sunt
1149 502 1219 543 illa
1239 501 1433 543 ministra

350 591 507 631 perque
526 576 801 632 magistratus
821 582 864 618 et
883 576 1052 631 publica
1071 576 1163 618 iura
1183 576 1388 618 feruntur.

188 700 353 732 dicuntur
375 701 476 733 Ouid.
498 701 579 733 fast.
601 709 640 732 VI
662 702 736 738 116,
758 701 848 733 Stat.
870 701 977 733 Theb.
1000 710 1040 733 1x
1062 703 1137 739 617,
1159 702 1234 739 734,
1256 712 1341 733 arua
1362 699 1453 733 Ouid
1472 710 1550 731 11110.
1573 700 1626 736 87,
1647 697 1723 729 Val.

187 751 239 783 Fl.
261 760 274 782 1
295 753 355 783 751
375 764 383 789 ;
417 752 477 784 sed
497 763 540 784 ex
560 752 643 784 locis
663 752 709 784 ad
731 754 794 785 138
814 752 952 790 afflatis,
974 753 1100 794 quibus
1119 753 1263 784 accedat
1279 752 1383 785 Culic.
1406 753 1511 783 48-51
1536 750 1605 782 iam
1624 749 1725 781 siluis

187 802 362 843 dumisque
388 813 494 844 uaqae
521 803 713 845 (capellae),
742 804 812 835 iam
838 804 985 835 uallibus
1012 804 1137 835 abdunt
1159 803 1163 847 Ι
1183 814 1344 844 corpora.
1365 827 1371 834 .
1392 827 1399 834 .
1417 813 1557 843 scrupea
1583 801 1725 833 desertas

187 853 362 886 haerebant
383 854 426 886 ad
446 865 532 886 caua
552 865 663 895 rupes,
686 859 833 897 apparet
853 856 965 887 haedo
986 866 1056 887 non
1077 859 1152 887 13111
1173 866 1258 886 arua
1279 855 1462 886 conuenire
1483 864 1590 895 quam
1611 856 1723 884 antra.

187 909 286 937 antra
316 906 409 937 enim
440 906 661 947 appellantur
692 907 877 944 conualles,
909 907 1011 948 Prop.
1044 916 1058 938 1
1090 909 1105 938 1
1142 908 1178 938 11
1213 906 1407 947 (Milanion)
1438 904 1632 937 Partheniis
1650 928 1657 935 .
1677 928 1684 936 .
1705 927 1712 935 .

188 956 342 988 errabat
372 957 415 988 in
440 958 584 995 antris,
613 959 632 989 2
660 959 696 989 11
723 962 836 998 suryat
854 982 861 989 .
882 982 888 989 .
909 982 916 989 .
936 958 973 989 in
996 958 1101 989 solis.
1122 982 1129 989 .
1150 982 1156 989 .
1176 958 1312 989 arbutus
1336 957 1454 994 antris,
1479 965 1516 988 IV
1540 958 1561 987 4
1585 957 1605 988 3
1629 955 1724 987 lucus

187 1032 194 1039 .
215 1032 222 1039 .
242 1032 249 1039 .
268 1008 420 1040 hederoso
456 1009 608 1040 conditus
644 1013 751 1046 antro,
787 1009 877 1041 Stat.
915 1009 1022 1041 Theb.
1060 1018 1100 1041 rx
1137 1011 1200 1041 905
1236 1020 1334 1041 canes
1352 1033 1359 1040 .
1379 1033 1386 1040 .
1407 1033 1413 1040 .
1432 1012 1507 1049 aqat
1525 1032 1532 1039 .
1552 1032 1559 1039 .
1579 1032 1587 1039 .
1605 1007 1724 1044 antris,

187 1059 308 1092 O.G.L.
333 1068 371 1090 1v
393 1070 426 1101 p.
450 1061 516 1091 486
540 1061 576 1091 11
603 1064 748 1098 antrum,
771 1060 874 1092 uallis
966 1063 1030 1094 312
1046 1060 1204 1102 fratrum,
1228 1061 1376 1092 duorum
1398 1059 1600 1091 Haedorum
1622 1069 1724 1090 uersu

188 1112 249 1142 103
275 1114 626 1143 00111111011101310111111
719 1114 782 1145 313
805 1122 942 1152 yreyem,
967 1112 1106 1144 eosdem
1130 1123 1209 1143 cum
1233 1115 1345 1143 matre
1369 1111 1508 1152 Capella
1530 1121 1600 1142 non
1624 1109 1724 1151 longe

186 1162 344 1199 distanti,
375 1173 465 1203 quae
494 1173 711 1204 praegressos
740 1174 877 1194 seruare
907 1164 1035 1195 dicitur
1066 1165 1128 1195 130
1220 1165 1372 1196 314—323
1405 1164 1493 1194 ‘isto
1523 1162 1658 1199 Haedo,
1688 1162 1725 1192 in

185 1223 406 1254 quacumque
427 1214 513 1245 caeli
533 1217 633 1255 parte
655 1214 833 1246 balantem
854 1215 991 1246 audiuit
1012 1215 1184 1252 Manilius,
1207 1216 1338 1246 oriente
1359 1214 1513 1246 sollertes
1533 1216 1725 1245 naseuntur

185 1268 292 1306 atque
341 1265 592 1306 indefatigatae
642 1266 850 1307 diligentiae.
900 1266 1162 1308 magistratibus
1211 1266 1432 1307 apparebunt
1447 1266 1609 1296 ⁹—immo
1658 1265 1725 1305 ipsi

185 1317 411 1357 magistratus
451 1317 742 1358 adipiscentur—‘
758 1320 918 1354 sectores,
959 1318 1152 1359 cognitores
1168 1317 1329 1349 ⁷—immo
1369 1316 1595 1348 delatores—‘
1609 1318 1722 1347 erunt.

185 1367 333 1399 lasciuos
353 1369 459 1399 etiam
479 1379 518 1399 ac
538 1368 749 1400 temulentos
768 1369 947 1410 producet.
996 1370 1205 1410 pantomimi
1223 1379 1363 1410 quoque
1379 1369 1540 1399 '—immo
1560 1367 1724 1399 scaenicis

185 1418 412 1450 saltatoribus
451 1420 607 1460 pares—‘
622 1423 809 1451 nascentur
825 1420 832 1432 '
873 1420 1024 1461 Scaliger
1115 1422 1180 1453 314
1218 1422 1356 1461 pectora
1395 1419 1433 1458 G,
1474 1421 1608 1461 pectore
1647 1418 1722 1450 LM-

186 1471 251 1502 220
280 1470 421 1511 effrenos
449 1471 581 1502 animos
608 1471 818 1511 uiolentaque
843 1475 976 1512 pectora
1068 1474 1131 1505 315
1160 1471 1290 1513 effingit
1318 1471 1356 1510 G,
1386 1473 1419 1503 et
1446 1470 1544 1512 fingit
1571 1470 1634 1502 LM

230 1521 417 1562 deficientia
447 1523 548 1559 curis,
580 1533 663 1564 prae
694 1524 783 1554 curis
814 1523 1095 1564 languescentia:
1143 1525 1184 1555 62
1216 1534 1266 1564 sq.
1299 1533 1396 1554 curas
1414 1547 1421 1554 .
1442 1547 1448 1554 .
1470 1533 1553 1563 ‚per
1582 1519 1719 1565 omnis!

185 1573 386 1604 indelassato
425 1574 645 1614 properantia
685 1574 784 1605 corda
825 1574 937 1614 uiyore
1029 1577 1093 1608 317
1126 1586 1186 1615 per
1227 1575 1452 1614 maqistratus,
1488 1584 1549 1615 per
1584 1583 1723 1605 cursum

185 1625 357 1656 honorum
445 1635 505 1665 per
535 1625 672 1665 publica
705 1626 782 1656 iura
808 1625 976 1666 feruntur,
1010 1626 1188 1667 publicum
1221 1626 1397 1657 iudicandi
1428 1626 1555 1657 iurisue
1588 1625 1725 1656 dicendi

186 1687 313 1707 munus
349 1676 480 1707 obeunt
572 1679 636 1709 318
659 1676 718 1708 illo
741 1677 804 1708 LM
828 1677 902 1708 cod.
929 1677 1093 1714 Venetus,
1118 1677 1188 1709 ullo
1224 1677 1304 1709 GL2.
1352 1677 1409 1708 illo
1441 1687 1546 1718 quem
1579 1676 1723 1708 Haedus

185 1727 328 1764 creabit,
354 1730 396 1758 ut
422 1727 477 1758 ille
502 1728 577 1759 256.
626 1738 696 1759 non
723 1728 921 1769 discrepant
947 1728 1094 1769 pluralia
1120 1729 1251 1760 animos
1277 1732 1312 1760 et
1335 1732 1478 1769 pectora,
1505 1738 1595 1769 quae
1620 1728 1723 1759 unius

185 1779 334 1810 hominis
362 1789 434 1810 esse
460 1782 608 1820 possunt
698 1788 816 1811 coram
843 1780 1038 1811 Gronouius
1066 1780 1168 1811 diatr.
1198 1791 1225 1811 0.
1255 1781 1298 1811 26
1326 1782 1372 1821 (p.
1402 1781 1466 1811 270
1494 1780 1546 1811 ed.
1576 1779 1722 1819 Hand.)‚

185 1839 306 1862 curam
337 1829 415 1861 libri
505 1830 628 1871 digitos
661 1830 868 1871 quaesiuerit
900 1831 1089 1869 Bentleius,
1122 1831 1227 1872 digito
1259 1831 1338 1862 libri
1369 1834 1511 1872 propter
1543 1830 1612 1868 illo,
1645 1834 1723 1862 tum

186 1890 273 1922 quae
295 1881 421 1913 iuuerit
442 1881 489 1920 M,
514 1881 572 1922 qui
593 1881 719 1913 iuuerit
741 1881 769 1914 G
791 1886 826 1914 et
849 1893 919 1914 uno
941 1886 1060 1914 tenore
1083 1883 1119 1920 L,
1144 1882 1202 1923 qui
1223 1882 1359 1914 irruerit
1381 1883 1455 1914 cod.
1480 1883 1633 1914 Venetus

231 1933 332 1964 hasta
351 1933 425 1971 LM,
446 1932 566 1964 hastae
586 1932 614 1964 G
704 1937 840 1975 reperto
860 1944 942 1965 uero
962 1945 1032 1965 non
1053 1934 1216 1965 desinunt
1235 1934 1408 1971 hariolari,
1428 1935 1580 1974 fecitque
1600 1934 1724 1965 insitus

186 1985 239 2016 sui
265 1984 470 2016 mortalibus
496 1995 593 2016 amor
618 1988 658 2016 ut
683 1985 748 2016 hae
774 1986 992 2017 coniecturae
1018 1986 1218 2017 auctoribus
1244 1987 1313 2017 suis
1340 1985 1544 2017 Bentleiana
1568 1988 1722 2026 praesta-

188 2036 323 2067 biliores
346 2036 568 2068 uiderentur:
605 2036 747 2076 diyitum
770 2036 996 2076 inquisiuerit,
1019 2037 1121 2077 diyito
1143 2037 1350 2077 requieuerit‚
1374 2037 1497 2077 diqitus
1519 2037 1577 2077 qui
1599 2037 1724 2068 iuuerit

187 2087 326 2124 hastam,
358 2087 460 2127 diyito
491 2087 550 2127 qui
579 2087 697 2119 uicerit
728 2088 849 2119 hastae.
899 2088 959 2119 sed
989 2088 1089 2129 longe
1120 2089 1337 2120 insanissimo
1369 2091 1497 2119 conatu
1528 2088 1722 2120 Vollmerus

188 2137 277 2169 Berl.
303 2138 386 2179 phil.
411 2138 530 2170 Woch.
555 2149 610 2170 an.
637 2140 721 2170 1900
744 2149 801 2180 pp.
830 2140 913 2170 1293
937 2149 986 2180 sq.
1012 2139 1138 2170 codicis
1162 2139 1429 2176 Gemblacensis,
1453 2140 1508 2170 eui
1531 2142 1613 2170 ante
1637 2140 1721 2171 1903

188 2190 351 2220 certatim
368 2190 579 2227 seruiebant,
598 2190 762 2221 lectiones
783 2201 844 2231 per
859 2193 1029 2231 quattuor
1048 2201 1168 2222 uersus
1184 2192 1311 2222 318-21
1331 2190 1480 2222 tuendas
1497 2191 1721 2222 enarrandas-

187 2251 255 2281 que
267 2241 419 2281 suscepit
512 2241 519 2253 ⁶
534 2251 606 2272 rem
619 2242 751 2282 egregie
763 2241 952 2282 explicauit
965 2241 1124 2283 Scaliger,
1138 2243 1173 2273 in
1186 2242 1287 2273 rebus
1300 2241 1416 2283 lapsus
1430 2245 1482 2273 est
1498 2241 1505 2254 ’
1519 2242 1697 2273 Bentleius
1713 2254 1721 2280 ;

187 2302 294 2332 quam
316 2292 582 2333 explicationem
605 2293 807 2324 describam.
859 2293 866 2305 ‘
881 2296 1030 2324 sectores
1046 2296 1109 2324 aut
1125 2303 1312 2334 mancupes
1332 2303 1438 2324 manu
1459 2293 1598 2324 sublata
1619 2294 1721 2334 signi-

187 2342 341 2374 ficabant
360 2354 395 2374 se
415 2346 573 2374 auctores
593 2344 779 2385 emptionis
798 2354 881 2379 esse,
903 2347 943 2375 ut
963 2345 1013 2375 ait
1032 2344 1155 2375 Festus
1176 2346 1222 2385 (p.
1247 2346 1305 2375 151
1328 2355 1390 2375 s.u.
1412 2345 1592 2384 manceps).
1641 2345 1722 2376 inde

187 2394 223 2425 in
243 2394 394 2425 Verrinis
415 2395 457 2434 (Π
476 2394 534 2425 lib.
556 2403 570 2425 Ι
592 2396 650 2426 141
674 2394 815 2435 digitum
835 2395 917 2426 tollit
939 2395 1065 2426 Iunius
1082 2399 1225 2435 patruus
1244 2398 1285 2426 ut
1305 2406 1390 2436 opus
1410 2395 1542 2436 pupillo
1560 2395 1720 2434 redimat,

187 2445 277 2476 adde
296 2454 339 2475 111
356 2446 398 2475 27
417 2455 492 2476 eum
509 2446 567 2485 qui
585 2456 689 2477 manu
707 2446 884 2486 quaesierit
901 2457 947 2477 au
964 2457 1039 2477 eum
1056 2447 1114 2486 qui
1132 2446 1233 2486 diyito
1251 2447 1294 2478 sit
1313 2447 1437 2486 licitus)
1456 2446 1597 2486 diyitum
1615 2447 1722 2479 tollere

187 2497 223 2527 in
248 2496 468 2527 auctionibus
486 2521 493 2527 .
514 2520 520 2527 .
541 2521 548 2527 .
567 2497 746 2537 quamdiu,
771 2498 897 2537 inquit,
923 2498 983 2538 qui
1007 2497 1071 2529 sub
1096 2498 1160 2529 hoe
1184 2499 1280 2538 signo
1304 2501 1465 2529 nascetur
1489 2499 1596 2535 uiuet,
1621 2509 1719 2530 num-

187 2557 295 2588 quam
316 2546 425 2578 deerit
446 2548 506 2587 qui
527 2548 563 2578 in
584 2548 794 2579 sectionibus
815 2548 918 2579 tollat
940 2549 1097 2589 digitum.
1146 2549 1284 2580 hastam
1306 2552 1424 2580 autem
1445 2550 1480 2580 in
1501 2550 1721 2581 auctionibus

189 2599 271 2640 poni
285 2598 435 2635 solitam,
451 2601 538 2639 puta
552 2609 631 2629 cum
646 2599 737 2630 bona
751 2599 909 2630 damnati
923 2600 1166 2637 uenderentur,
1181 2599 1285 2641 uulgo
1298 2600 1414 2641 palam
1428 2600 1504 2631 est.'
1551 2601 1722 2632 accedunt

190 2650 225 2681 in
237 2649 326 2681 thes.
341 2649 421 2690 ling.
436 2649 513 2680 Lat.
528 2658 550 2680 V
562 2660 594 2690 p.
612 2651 694 2681 1127
709 2651 728 2681 9
741 2660 790 2690 3(1.
804 2650 924 2682 Ambr.
939 2662 991 2692 ep.
1005 2652 1046 2682 37
1062 2652 1100 2682 17
1114 2662 1181 2682 nort
1193 2651 1247 2682 ille
1259 2651 1365 2682 solum
1378 2651 1468 2688 liber,
1480 2651 1538 2691 qui
1549 2651 1721 2683 dominum

188 2701 383 2732 licitatorem
406 2711 474 2731 uon
494 2701 631 2740 pertulit
654 2705 712 2732 aut
735 2701 896 2733 tollentem
919 2702 1061 2742 diqitum
1083 2713 1151 2733 mm
1173 2702 1261 2733 uidit
1283 2706 1319 2733 et
1341 2702 1417 2733 Aer.
1443 2703 1488 2733 ad
1511 2702 1595 2734 Hor.
1620 2713 1719 2734 serm.

190 2761 218 2783 Π
242 2754 261 2784 8
283 2753 325 2783 25
348 2752 450 2792 diyito
470 2752 647 2792 publicani
670 2752 885 2784 licitationem
907 2753 1119 2793 uectiyalium
1136 2753 1328 2794 faciebant;
1365 2753 1425 2785 sed
1445 2764 1552 2795 praue
1574 2754 1723 2786 adicitur

191 2803 308 2836 Sidon.
326 2814 378 2845 ep.
396 2812 419 2835 V
434 2805 452 2835 7
468 2805 499 2840 3,
515 2803 586 2841 ubi,
602 2807 642 2836 ut
657 2805 693 2835 in
707 2814 809 2836 uersu
824 2815 844 2836 a
859 2804 1030 2846 Scaligero
1044 2805 1163 2837 adlato
1177 2805 1279 2837 Mart.
1296 2813 1319 2837 v
1335 2806 1375 2836 62
1390 2807 1422 2842 4,
1438 2816 1459 2836 3
1472 2805 1721 2846 gladiatoribus
