1855 3088
553 139 744 181 LIBRO
777 139 825 180 ΙΙ
857 139 1162 182 ADDENDA
1547 142 1625 179 147

141 254 204 285 949
227 251 316 283 adde
333 260 355 282 v
372 252 413 283 67
430 251 536 282 terris.

141 306 202 337 951
227 303 315 334 adde
337 312 440 334 carm.
465 302 540 333 Lat.
565 303 668 343 epigr.
694 302 945 333 Lommatzsch.
970 303 1056 334 2075
1078 303 1098 333 2
1124 302 1215 333 Ditis
1237 302 1343 333 ιάηιιιι
1366 301 1472 341 niqra,
1495 302 1582 332 2125
1604 303 1624 333 4

95 354 184 394 niqri
211 354 302 385 Ditis
327 354 414 385 inire
438 353 581 390 doniam,
609 353 709 385 Ouid.
737 356 817 384 met.
846 362 883 384 1v
907 354 972 385 438
997 353 1087 393 niyri
1105 352 1181 394 fem
1205 353 1295 393 reqia
1322 353 1422 384 Ditis.
1471 355 1625 384 ceterum

95 405 298 438 Cumontius
312 415 401 446 quae
414 405 450 436 in
464 405 626 445 Comptes
640 404 766 436 rendus
781 415 835 436 an.
855 405 938 436 1920
954 415 986 445 p.
1003 405 1067 436 276
1082 415 1114 436 n.
1131 406 1150 435 2
1166 408 1349 445 tamquam
1363 415 1405 435 ex
1421 404 1514 436 Sext.
1531 414 1621 445 emp.

94 458 178 497 πρὸσ
205 458 295 497 ἀστρ.
327 457 366 487 15
390 455 556 497 produxit
580 458 681 487 Δύσισ
695 479 703 487 .
719 480 725 487 .
741 479 748 487 .
764 458 848 496 ἀρχὴ
873 457 1010 486 θανάτου
1032 456 1105 497 ipse
1127 455 1251 486 finxit:
1289 455 1384 496 apud
1407 455 1562 492 Sextum,
1586 458 1628 486 ut

94 507 140 539 ad
155 516 183 538 Π
199 508 259 539 871
278 507 444 544 dixeram,
462 506 546 538 haec
561 506 744 544 habentur,
759 508 799 538 τὸ
819 508 1018 547 ἐρχόμενον
1039 509 1099 538 ἐπὶ
1118 509 1176 545 τὴν
1197 509 1285 537 δύσιν
1304 506 1431 546 (10011111
1447 507 1626 546 octauum)

95 583 103 590 .
120 583 127 590 .
145 583 152 590 .
170 560 274 599 ἀρχὴν
293 560 429 590 θανάτου
447 560 621 598 (καλοῦσι).
1000 561 1005 565 “

139 611 203 644 952
226 619 305 641 cum
326 609 499 641 Breiterus
519 609 609 640 uitae
629 609 760 640 incuria
780 609 961 646 omisisset,
984 609 1138 640 Garrodo
1159 612 1194 640 et
1214 609 1470 650 Wageningeno
1491 609 1625 639 occasio

95 660 179 693 data
201 664 254 692 est
276 660 387 692 alieno
410 660 445 691 id
467 660 541 692 loco
564 660 761 701 reponendi.
809 670 871 701 pro
894 660 1052 700 repayula
1074 661 1243 701 scriptum
1264 663 1317 691 est
1339 659 1494 699 repaculcz
1519 659 1623 690 Prisc.

95 712 225 744 G.L.K.
242 720 270 743 11
283 722 316 753 p.
333 712 397 744 348
414 713 463 743 15.
511 712 547 742 in
560 720 599 742 IV
615 712 687 748 179,
703 721 783 742 011111
796 721 836 742 00
850 712 1092 752 peruenissem,
1108 711 1256 747 alterum
1270 710 1455 742 uerborum
1470 710 1625 741 ordinem

93 762 137 794 ob
150 765 280 794 certam
294 772 434 794 causam
446 761 604 804 praetuli.
652 765 805 794 ceterum
818 762 976 802 mortique
989 761 1113 794 locatur
1125 763 1244 794 nonin
1257 762 1447 802 marginem
1461 761 1623 793 Gembla-

93 815 201 846 censis
219 814 278 845 sed
296 814 332 845 in
348 813 463 845 locum
480 823 631 845 uacuum
647 813 758 845 inlata
775 816 868 851 sunt,
888 823 1009 854 neque,
1029 814 1162 855 opinor,
1181 817 1260 855 post
1280 813 1486 849 Bentleium,
1506 814 1566 853 qui
1584 823 1625 844 ea

93 875 155 897 suo
171 866 243 897 iure
259 864 446 906 neglexisse
462 864 639 906 putandus
656 867 718 896 est.

139 919 203 950 953
226 916 269 948 de
286 915 380 948 tellus
396 917 432 948 in
450 919 551 947 terras
568 918 730 957 corrupto
747 916 826 947 uide
844 925 881 947 IV
897 917 962 948 419
980 926 1138 957 quaeque
1155 916 1204 947 ibi
1220 926 1312 948 1111110
1330 915 1459 947 0(1(11(11.

139 969 203 1001 964
225 967 365 1008 hospita.
414 967 502 999 adde
522 967 620 999 Lucr.
642 976 656 998 1
674 968 735 999 351
758 977 807 1008 sq.
829 967 963 998 arbusta
978 991 985 999 .
1003 991 1009 998 .
1028 991 1035 998 .
1052 970 1134 999 totas
1153 967 1331 1007 (arbores),
1353 967 1433 998 Luc.
1456 975 1496 997 IX
1515 967 1623 998 285-7'

92 1018 248 1050 examina
263 1043 269 1050 .
287 1043 294 1050 .
312 1042 318 1050 .
335 1018 400 1050 sibi
412 1029 556 1059 quaeque
569 1019 672 1060 (apis)
686 1018 786 1055 uolat,
802 1018 890 1050 Stat.
906 1018 1012 1050 Theb.
1028 1027 1051 1050 v
1066 1020 1105 1050 12
1120 1028 1170 1059 sq.
1185 1018 1322 1058 agmina
1337 1042 1343 1050 .
1362 1042 1368 1049 .
1387 1042 1393 1049 .
1411 1017 1488 1049 illae
1501 1018 1623 1058 (aues),

91 1069 193 1102 Mart.
213 1079 267 1102 XII
284 1071 326 1102 74
342 1071 362 1101 2
379 1080 429 1111 sq.
445 1069 568 1110 pocula
582 1094 589 1101 .
607 1094 614 1101 .
632 1094 639 1101 .
656 1069 692 1101 ki
709 1069 844 1111 (calices
862 1078 926 1101 XIV
943 1070 998 1109 94)
1015 1095 1021 1101 .
1039 1094 1046 1101 .
1064 1094 1071 1101 .
1088 1069 1239 1101 audaces.

135 1124 252 1153 castra.
300 1121 397 1162 signa
424 1121 555 1153 zodiaci
580 1123 694 1162 πύργοι
722 1121 941 1163 appellantur
968 1121 1130 1153 G.C.A.G.
1157 1130 1224 1152 VIII
1250 1121 1287 1152 iii
1312 1131 1344 1162 p.
1378 1122 1398 1152 8
1427 1121 1585 1161 διέρχεται
1612 1120 1628 1151 ὁ

84 1172 208 1204 εἨλιοσ
234 1175 311 1204 τοὺσ
340 1173 458 1204 δώδεκα
487 1175 642 1213 πύργουσ,
669 1183 703 1214 p.
734 1173 773 1204 lO
803 1175 879 1204 οἶκοι
906 1174 940 1204 δέ
964 1175 1023 1204 εἰσι
1048 1175 1110 1204 τῶν
1139 1175 1310 1210 πλανητῶν
1339 1174 1365 1203 ol
1394 1173 1628 1212 προρρηθέντεσ

92 1227 216 1265 πύρ’γοι.

140 1277 204 1309 965
224 1278 318 1316 parte
333 1287 340 1307 τ
366 1275 445 1308 111ᾶο
462 1275 507 1306 ad
523 1284 561 1307 IV
576 1276 650 1307 298.

137 1328 200 1360 969
223 1329 410 1367 octotropos.
462 1326 469 1339 ⁵
483 1336 572 1367 quae
591 1326 636 1358 ad
654 1335 683 1358 Π
701 1327 765 1359 969
784 1327 826 1358 (10
845 1330 1027 1368 octatropo
1046 1326 1263 1368 disputaram
1281 1326 1382 1368 plane
1402 1325 1623 1357 confirmauit

91 1379 210 1420 paucis
234 1381 314 1419 post
337 1378 470 1409 editum
495 1377 621 1409 librum
645 1388 761 1409 meum
785 1378 906 1410 diebus
930 1379 1055 1410 emissa
1079 1377 1241 1410 C.C.A.G.
1268 1378 1355 1409 tomi
1380 1386 1447 1408 V111
1471 1387 1551 1418 pars
1575 1377 1623 1414 iii,

91 1429 151 1461 ubi
177 1440 210 1471 p.
242 1431 302 1461 117
330 1431 416 1461 21-7
444 1432 506 1460 τῶν
535 1431 655 1461 δώδεκα
684 1432 787 1461 τόπων
818 1430 1070 1461 enumerationi
1100 1430 1183 1461 haec
1210 1429 1438 1466 subiciuntur,
1467 1431 1514 1460 ὅτι
1540 1430 1627 1460 τινέσ

93 1482 150 1519 τὴν
178 1483 353 1520 λεγομένην
382 1482 589 1512 ὸκτάτυπον
619 1482 723 1522 (quae
749 1491 818 1512 uox
844 1481 899 1512 1110
930 1480 1034 1512 semel
1064 1480 1153 1512 lecta
1182 1491 1252 1512 non
1281 1481 1318 1512 in
1347 1480 1628 1512 commenticium

91 1535 128 1564 et
142 1531 264 1564 fictum
279 1531 488 1564 uocabulum
505 1534 682 1564 ὀκτάτοπον
699 1532 870 1564 mutanda
886 1532 946 1564 sed
962 1535 1025 1564 aut
1040 1532 1211 1564 seruanda
1227 1535 1302 1564 erat
1315 1535 1377 1564 aut
1389 1531 1626 1573 reponendum

90 1585 301 1624 ὀκτάτροπον)
326 1585 408 1624 πρὸσ
430 1585 487 1622 τὴν
505 1586 602 1622 αὐτὴν
625 1585 738 1625 σκέψιν
759 1587 1075 1625 ἐπραγματεύσαντο.
1124 1586 1173 1615 καὶ
1192 1585 1247 1615 τὸν
1265 1585 1322 1621 μὲν
1341 1584 1523 1624 ὡροσκόπον
1542 1585 1628 1621 ζωῆσ

91 1637 248 1667 ἐκάλεσαν
271 1636 385 1666 τόπον·
410 1637 442 1674 ἐξ
467 1637 562 1666 αὑτοῦ
585 1637 648 1676 ’γὰρ
671 1637 712 1666 τὰ.
735 1638 807 1676 περὶ
830 1637 915 1674 ζωῆσ
941 1637 1139 1676 θεωρεῖσθαι·
1163 1637 1199 1667 τὸ
1223 1637 1257 1667 δὲ
1281 1636 1557 1675 ἐπαναφερόμενον
1583 1633 1628 1674 τῷ

92 1688 264 1727 ὡροσκόπῳ
288 1688 328 1717 τὰ
354 1688 416 1724 τῆσ
443 1688 529 1725 ζωῆσ
554 1688 694 1725 ἑπόμενα
720 1689 861 1726 μηνύειν,
889 1689 943 1718 τὸν
962 1689 995 1718 δέ
1022 1689 1126 1727 τρίτον
1151 1689 1249 1718 τόπον
1278 1688 1434 1718 ἐκάλεσαν
1463 1687 1625 1725 ἀδελφῶν,

91 1740 211 1779 ’γονέων
241 1740 274 1769 δὲ
302 1739 338 1769 τὸ
366 1738 404 1777 δ’,
434 1740 470 1769 τὸ
499 1740 532 1769 δὲ
560 1738 585 1769 ε’
613 1740 742 1776 τέκνων,
772 1739 809 1770 τὸ
841 1738 866 1770 ς’
900 1740 934 1769 δὲ
964 1740 1026 1770 τῶν
1055 1740 1125 1779 περὶ
1151 1740 1188 1769 τὸ
1216 1740 1307 1776 σῶμα
1335 1740 1441 1777 σινῶν,
1473 1739 1509 1769 τὸ
1537 1737 1564 1776 ζ’
1594 1739 1627 1768 δὲ

90 1791 195 1830 ’γάμου
217 1791 326 1827 τόπον,
351 1791 388 1821 τὸ
410 1789 440 1828 η’
465 1791 498 1821 δὲ
524 1791 587 1829 τῆσ
614 1792 780 1828 τελευτῆσ.
814 1792 865 1821 καὶ
895 1792 945 1821 διὰ
973 1792 1092 1821 τούτων
1120 1792 1182 1821 τῶν
1212 1792 1302 1821 ὀκτὼ
1329 1791 1450 1821 τόπων
1474 1791 1528 1821 τὸν
1553 1791 1626 1820 ὅλον

91 1843 146 1873 τοῦ
167 1842 339 1881 ’γενομένου
364 1843 556 1872 σκέπτονται
579 1843 664 1882 βίον.
714 1842 764 1873 ita
787 1841 1002 1873 Antiochus:
1033 1841 1158 1873 similia
1179 1841 1379 1882 Thrasyllus
1401 1840 1484 1872 ibid.
1506 1851 1539 1882 p.
1564 1841 1622 1872 101

91 1893 188 1930 3-13,
219 1894 287 1924 εἶτα.
317 1894 528 1932 διαλαμβάνει
557 1894 608 1924 καὶ
636 1893 682 1924 ὡσ
707 1894 771 1931 ζωὴ
798 1895 857 1931 μὲν
882 1894 919 1924 τὸ
946 1893 1148 1933 ὼροσκοποῢν
1175 1894 1308 1932 λέγεται
1337 1892 1460 1932 ζῴδιον,
1489 1893 1565 1933 βίοσ
1594 1893 1628 1922 δὲ

91 1945 128 1976 τὸ
154 1947 256 1983 τούτῳ
284 1945 574 1985 ἐπαναφερόμενον,
603 1945 639 1975 τὸ
666 1946 772 1984 τρίτον
801 1945 835 1975 δὲ
862 1946 1011 1983 ἀδελφῶν
1039 1945 1149 1983 ἐπέχει
1180 1946 1288 1983 λόγον,
1326 1946 1376 1975 καὶ
1407 1945 1443 1975 τὸ
1476 1945 1536 1974 ὑπὸ
1565 1945 1628 1983 ’γῆν

90 1997 223 2036 γονέων,
251 1997 368 2026 τέκνων
395 1996 428 2026 δὲ
453 1996 490 2026 τὸ
515 1997 616 2034 τούτῳ
641 1997 928 2036 έπαναφερόμενον,
956 1996 1067 2026 σίνουσ·
1095 1997 1128 2026 δὲ
1155 1998 1191 2027 τὸ
1218 1997 1382 2034 ἑπόμενον,
1411 1995 1566 2035 ’γυναικὸσ
1594 1995 1628 2025 δὲ

90 2048 128 2078 τὸ
154 2049 256 2084 δῦνον,
286 2048 322 2078 τὸ
348 2048 382 2078 δὲ
406 2048 717 2087 ἐπικαταφερόμενον
743 2046 788 2087 τῷ
814 2049 936 2078 δύνοντι
963 2047 1090 2087 κέντρῳ,
1121 2048 1249 2087 ὄ-γδοον
1275 2048 1339 2079 ἀπὸ
1363 2049 1418 2078 τοῦ
1444 2048 1626 2087 ὡροσκόπου

90 2098 131 2139 τῇ
156 2099 243 2137 τάξει
269 2099 444 2138 τυγχάνον,
472 2100 556 2138 τύχη
582 2100 634 2130 καὶ
662 2100 803 2130 θάνατοσ
828 2100 981 2130 καλεῖται.
1034 2100 1135 2129 ταῦτα
1162 2100 1260 2129 εἰπὼν
1287 2100 1339 2129 καὶ
1364 2099 1410 2129 ὼσ
1437 2099 1499 2129 οἶόν
1527 2110 1560 2128 τε
1588 2100 1626 2136 ἦν

91 2149 177 2190 αὐτῷ
208 2151 383 2181 κανονίσασ
415 2151 466 2181 καὶ
496 2151 554 2188 τὴν
583 2151 753 2191 ἐπίσκεψιν
785 2152 841 2181 τοῦ
873 2151 1022 2188 θεματίου
1053 2152 1307 2190 καταβάλλεται·
1340 2153 1372 2181 ἐν
1401 2151 1451 2180 οἷο·
1478 2151 1528 2180 καὶ
1556 2150 1626 2187 περὶ

91 2202 214 2242 χρόνων
246 2202 331 2239 ζωῆσ
364 2202 587 2242 διαλαμβάνει,
621 2203 708 2232 τίνεσ
740 2203 858 2233 αὑτοὺσ
889 2203 941 2232 καὶ
973 2203 1064 2232 ὃπωσ
1094 2203 1337 2241 ἐπιμερίζουσιν,
1371 2203 1423 2232 καὶ
1454 2203 1525 2241 περὶ
1555 2203 1628 2241 βίον

92 2254 182 2284 ὅπωσ·
207 2253 280 2291 ἕξει,
309 2253 361 2284 καὶ
386 2254 457 2290 περὶ
482 2254 544 2284 τῶν
572 2253 755 2284 ὑπολοίπων
781 2254 813 2291 ἓξ
838 2254 1031 2292 κεφαλαίων,
1062 2254 1211 2291 ἀδελφῶν
1239 2258 1320 2291 φημι
1349 2255 1401 2283 καὶ
1427 2254 1545 2292 ’γονέων
1574 2253 1626 2283 καὶ

91 2305 207 2335 τέκνων
237 2305 289 2335 καὶ
317 2305 412 2335 σινῶν
439 2303 514 2344 (καὶ
542 2303 719 2345 Ύυναικὸσ>
748 2306 799 2335 καὶ
826 2303 958 2343 τύχησ.’
1008 2304 1092 2336 11000
1116 2314 1207 2335 011110
1232 2305 1316 2336 1916
1342 2304 1378 2335 111
1402 2303 1454 2335 ed.
1482 2303 1560 2334 libri
1583 2311 1626 2334 111

92 2365 126 2396 p.
149 2355 190 2386 69
211 2355 413 2396 scripseram
429 2367 436 2392 ;
470 2365 561 2386 nuno
581 2358 746 2396 quartum
767 2355 809 2386 de
829 2358 908 2386 octo
928 2355 1010 2386 locis
1025 2355 1265 2386 testimonium
1280 2355 1416 2396 profero
1433 2365 1475 2386 ex
1491 2364 1625 2395 papyro

91 2405 218 2438 saeculi
245 2409 326 2447 post
353 2406 528 2438 Christum
556 2415 584 2438 Π
612 2417 632 2438 0
659 2406 850 2438 Robbinsio
878 2406 972 2438 edita
999 2407 1035 2437 in
1062 2405 1222 2438 Classical
1249 2405 1429 2447 Phjlology
1456 2417 1510 2437 an.
1540 2406 1623 2437 1927

91 2468 150 2499 pp.
172 2458 269 2495 5-26,
287 2457 329 2489 (10
345 2467 414 2498 qua
430 2457 512 2489 ibid.
531 2468 588 2499 pp.
607 2459 737 2490 257-63
758 2457 945 2498 disputaui.
993 2457 1062 2490 illic
1082 2468 1115 2499 p.
1136 2459 1187 2495 14,
1203 2457 1289 2499 frag.
1306 2459 1321 2489 1
1344 2457 1406 2489 001.
1421 2466 1434 2488 1
1454 2457 1489 2488 ll.
1506 2457 1623 2494 18-26,

91 2511 171 2550 post
205 2511 408 2540 enumerata
442 2517 496 2540 ΧΠ
530 2509 661 2551 templa
695 2509 742 2540 sic
776 2509 951 2550 pergitur:
997 2510 1079 2540 κατὰ
1112 2510 1171 2547 μὲν
1206 2511 1258 2540 οὖν
1290 2508 1487 2547 Ἀσκληπιὸν
1522 2511 1625 2539 οὕτωσ

92 2562 298 2598 οἰκονομεῖται
326 2562 366 2591 τὰ
394 2562 476 2592 κατὰ,
503 2562 560 2598 τὴν
594 2562 776 2601 ἐπίσκεψιν·
804 2562 868 2592 ἀπὸ
894 2563 950 2591 τοῦ
977 2561 1158 2601 ὡροσκόπου
1187 2562 1228 2592 τὰ
1259 2563 1331 2601 περὶ
1359 2563 1444 2599 ζωῆσ
1475 2561 1622 2599 ζητητέα,

92 2612 156 2643 ἀπὸ
180 2612 213 2642 δὲ
235 2614 291 2642 τοῦ
313 2613 386 2642 ἄνω
410 2613 553 2652 δευτέρου
574 2613 657 2653 βίον,
683 2612 748 2643 ἀπὸ
771 2613 805 2643 δὲ
826 2611 859 2651 ’γ’
885 2613 1058 2651 ἀδελφοὺσ,
1086 2613 1150 2643 ἀπὸ
1174 2613 1207 2643 δὲ
1231 2611 1257 2643 δ’
1279 2614 1401 2652 Ὑονεΐσ,
1426 2613 1490 2643 ἀπὸ
1514 2613 1548 2642 δὲ
1571 2614 1626 2642 τοῦ

91 2662 116 2693 ε’
145 2663 252 2701 τέκνα,
287 2664 352 2694 ἀπὸ
380 2664 414 2694 δὲ
440 2665 496 2694 τοῦ
524 2663 550 2695 ς’
578 2665 669 2695 σίνοσ
696 2665 715 2702 ἢ
746 2664 864 2701 πάθοσ,
895 2664 960 2694 ἀπὸ
988 2665 1021 2695 δὲ
1048 2665 1104 2694 τοῦ
1131 2663 1158 2702 ζ’
1184 2665 1331 2703 γυναῖκα,
1360 2665 1424 2694 ἀπὸ
1453 2664 1486 2694 δὲ
1513 2665 1568 2693 τοῦ
1595 2662 1624 2701 η’

90 2716 192 2753 τύχην
231 2715 282 2744 καὶ
320 2715 374 2745 τὸν
409 2716 663 2754 συμπεραίνοντα
699 2715 848 2751 θάνατον,
885 2716 966 2746 κατὰ
996 2717 1073 2746 τοὺσ
1106 2717 1224 2746 τούτων
1259 2716 1500 2750 οἰκοδεσπότασ,
1535 2723 1624 2754 quae

91 2765 128 2796 in
152 2765 273 2796 ceteris
299 2774 379 2796 eum
403 2764 584 2806 Thrasyllo
609 2765 806 2802 concinunt,
832 2765 869 2796 in
893 2775 933 2797 eo
960 2765 1157 2807 discrepant
1183 2766 1277 2806 quod
1306 2765 1389 2797 ordo
1414 2764 1623 2806 templorum

91 2816 247 2847 inuersus
260 2818 323 2853 est,
338 2818 378 2847 ut
392 2815 464 2847 sola
477 2817 627 2857 primum
641 2819 676 2848 et
689 2816 876 2857 septimum
889 2819 1071 2858 octatropo
1085 2827 1164 2848 cum
1177 2817 1411 2857 dodecatropo
1426 2816 1623 2847 communia

92 2867 174 2904 sint,
190 2866 304 2899 desint
317 2869 436 2899 autem
450 2877 519 2899 non
533 2866 658 2899 ultima
671 2870 839 2909 quattuor
852 2867 1076 2910 dodecatropi
1092 2868 1151 2899 sed
1166 2877 1194 2899 11
1208 2876 1251 2899 111
1265 2876 1303 2899 IV
1317 2877 1350 2899 v.
1398 2867 1622 2900 confirmatur
