1855 3088
582 112 1064 156 ASTRONOMICON
1096 113 1136 155 V
1573 117 1627 155 99

833 224 895 266 IV

98 308 196 346 anbe
225 315 242 345 1
268 303 332 344 M.
359 303 525 344 Milnili
551 304 844 345 astronomicori
872 304 970 345 liber
994 313 1064 344 III
1094 304 1257 359 explicit
1281 305 1429 359 incipit
1459 313 1552 344 IIII
1578 314 1627 347 M.

97 370 214 411 Firiit
236 369 332 410 liber
353 369 491 410 tertius
512 369 660 423 incipit
680 377 846 423 quartus
867 378 907 411 G.
965 369 1073 411 duae
1093 370 1226 412 lineae
1247 371 1291 412 in
1311 380 1349 412 L.

97 436 151 476 ad
172 446 189 476 1
210 435 366 489 Incipit
386 434 482 475 liber
501 441 667 489 quartus
686 444 738 476 L³.

98 505 196 542 ante
217 511 281 542 294
301 501 502 542 Decanico
525 500 603 552 (De
623 499 809 541 deoanico
828 500 928 542 Vrb.
951 502 1045 553 668)
1065 510 1113 542 Μ.
1171 501 1334 543 nullum
1352 502 1627 544 interstitium

97 567 141 608 in
160 575 188 608 G
207 570 282 607 aut
301 575 338 607 Ι..

98 637 196 673 ante
215 642 279 674 502
299 631 482 673 Orientia
501 631 620 685 siqua
639 630 737 686 quid
755 631 928 686 efficiant
946 640 1064 673 GL³M.
1122 647 1207 673 una
1226 633 1336 674 linea
1355 633 1399 674 in
1417 642 1455 674 L.

98 702 196 739 ante
217 708 280 739 585
300 698 362 738 De
382 697 570 752 partibus
596 704 720 738 terrae
740 697 965 738 distributis
985 697 1039 738 ad
1057 698 1176 752 siqua
1186 697 1273 752 fide
1294 700 1345 751 (et
1364 698 1411 740 de
1432 699 1629 754 Scaliger)

98 764 292 804 uniuersa
308 770 410 804 terra
427 770 461 804 et
476 763 583 804 mari
597 762 697 817 (fide
720 796 727 803 .
752 796 760 804 .
785 796 792 803 .
814 763 920 804 mari
936 777 1018 804 om.
1036 765 1092 816 L³)
1110 772 1228 805 ΘΗΜ.
1286 779 1371 805 una
1386 765 1496 806 linea
1516 766 1561 806 in
1576 775 1601 806 L
1621 780 1629 815 ;

98 829 141 871 in
161 829 265 870 duas
285 829 513 870 distractus
532 828 682 870 titulus
701 828 745 870 in
764 837 804 870 G.

99 900 197 936 ante
227 905 291 936 818
320 895 382 935 De
415 894 610 949 eclipticis
647 895 692 947 (G
721 899 764 936 et
793 908 896 936 corr.
929 909 981 936 ex
1011 909 1074 936 -as
1103 904 1157 946 ιδ,
1188 895 1389 951 cylipiicis
1418 899 1470 950 M)
1501 898 1632 952 siquis

99 970 217 1002 ΘΗΜ.
273 975 358 1001 una
377 960 487 1001 linea
506 960 548 1001 in
568 969 607 1001 L.

99 1031 198 1068 ante
219 1037 283 1068 866
304 1026 500 1067 Fatorum
516 1027 711 1067 rationem
728 1027 911 1081 perspici
926 1041 1046 1082 posse
1066 1036 1143 1069 GM.
1202 1028 1406 1078 Quomodo
1423 1030 1632 1083 possimus

89 1092 274 1148 fatorum
298 1093 495 1133 rationem
516 1093 742 1147 perspicere
767 1101 820 1133 L³.
877 1107 963 1133 una
981 1093 1091 1134 linea
1110 1093 1154 1134 in
1173 1102 1211 1135 L.

849 1218 887 1259 V

100 1303 200 1340 an‘ce
231 1309 249 1339 1
280 1298 398 1339 Firiit
429 1297 526 1339 liber
556 1304 722 1353 quartus
752 1298 931 1353 sequitur
961 1299 1127 1353 quintus
1158 1308 1198 1341 G.
1256 1300 1437 1355 Explicit
1465 1300 1562 1342 liber
1589 1310 1634 1342 ΙΙ

100 1365 247 1418 incipit
270 1363 367 1405 liber
388 1372 457 1404 ΙΙΙ
477 1373 526 1404 Μ.
583 1364 628 1404 111
647 1373 673 1405 L
694 1364 855 1419 reliqua
877 1379 974 1419 pars
996 1365 1186 1420 paginae,
1204 1365 1284 1407 hoe
1300 1371 1364 1408 est
1384 1366 1517 1408 lineae
1541 1380 1633 1416 XVI,

100 1444 236 1471 uacua
256 1435 332 1479 est,
353 1429 457 1470 item
476 1429 520 1470 in
539 1429 755 1484 proximae
775 1430 895 1471 initio
916 1430 1037 1471 duae.

101 1496 156 1537 ad
177 1507 194 1537 1
215 1495 334 1537 Liber
359 1504 387 1535 V
406 1504 459 1536 L³.

102 1567 249 1617 postea
268 1561 383 1603 nihil.
