1855 3088
553 143 1036 187 ASTRONOMICON
1066 143 1107 186 V
1540 145 1592 185 69

227 273 289 309 ac,
310 273 362 300 ne
381 257 576 299 materies
595 257 672 299 tali
691 257 769 298 sub
789 272 960 298 munere
980 257 1101 307 desit,

227 347 424 388 quaerere
443 331 521 373 sub
541 331 661 373 terris
681 346 832 372 aurum
850 332 1048 386 furtoque
1068 332 1273 372 latentem

226 412 425 448 naturam
443 420 584 447 eruere
604 419 761 447 omnem
780 405 1007 460 orbemque
1027 405 1234 446 inuertere
1253 405 1434 459 praedae

104 489 171 520 625
226 481 392 535 inperat
411 485 455 522 et
473 480 641 535 glaebas
660 479 770 521 inter
789 479 1044 534 deprendere
1063 494 1211 534 gazam

224 555 489 609 inuitamque
508 568 619 595 nouo
638 554 814 595 tandem
832 554 1061 608 producere
1080 553 1207 594 caelo.

224 629 291 670 ille
311 628 441 670 etiam
460 628 598 669 fuluas
618 628 768 669 auidus
787 627 1028 669 numerabit
1047 627 1224 668 harenas

225 703 532 757 perfundetque
551 716 662 743 nouo
683 702 887 743 stillantia
906 702 1031 743 litora
1050 706 1183 756 ponto

224 791 440 832 paruaque
458 776 660 818 ramentis
680 776 807 818 faciet
825 781 1042 817 momenta
1061 775 1236 817 minutis

101 859 169 891 530
224 851 439 893 Pactoliue
459 851 568 906 leget
587 865 735 892 census
754 850 991 905 spumantis
1010 850 1054 891 in
1073 864 1224 891 aurum
1243 865 1252 899 ;

153 1018 304 1051 522-536
330 1016 376 1048 ad
401 1016 464 1048 hos
489 1015 622 1048 Manilii
648 1026 767 1048 uersus
793 1019 954 1057 spectant
980 1026 1069 1057 quae
1096 1015 1265 1047 Firmicus
1291 1016 1480 1057 posteriore
1506 1014 1593 1052 loco,

65 1077 132 1099 vm
150 1069 189 1099 17
209 1069 239 1105 8,
258 1068 365 1099 habet
381 1068 577 1107 quicumque
594 1067 652 1098 hoc
670 1067 774 1098 sidere
793 1067 964 1108 (Lychno)
983 1067 1057 1098 nati
1072 1067 1214 1108 fuerint,
1233 1071 1328 1098 erunt
1351 1066 1594 1098 metallorum

62 1119 248 1151 inuentores
278 1118 337 1159 qui
375 1118 538 1149 latentes
577 1119 667 1149 auri
706 1122 738 1149 et
777 1118 929 1158 arqeuti
967 1129 1088 1149 uenas
1132 1122 1161 1149 et
1196 1122 1374 1149 ceterarum
1411 1117 1594 1157 specierum

61 1169 244 1201 sollertibus
282 1169 558 1209 inquisitionibus
595 1173 844 1209 persequantur.
892 1173 987 1200 erunt
1026 1170 1125 1200 etiam
1164 1169 1341 1200 monetarii
1432 1171 1496 1202 522
1535 1168 1596 1199 tali

62 1221 122 1252 sub
143 1231 287 1258 munere,
309 1231 388 1252 cum
409 1231 535 1251 munus
555 1220 625 1251 tale
646 1221 691 1251 sit
783 1223 846 1254 523
860 1220 953 1261 furto
974 1220 1136 1257 latentem,
1157 1222 1221 1251 412
1243 1220 1413 1251 latitantia
1428 1219 1551 1260 fraude

151 1274 215 1305 524
239 1280 378 1303 omnem
403 1271 539 1303 addidit
565 1271 723 1312 Scaliger.
772 1271 922 1312 singulas
948 1271 1103 1303 elisiones
1129 1275 1273 1303 tuentur
1299 1280 1335 1302 IV
1367 1272 1428 1302 617
1458 1270 1594 1301 Euxino

61 1322 220 1363 iniunqst,
243 1331 272 1354 11
292 1324 357 1354 204
378 1333 460 1362 quae
482 1323 550 1353 sint
568 1323 754 1362 perspicere
776 1326 815 1359 et,
839 1331 852 1353 1
874 1324 937 1354 764
959 1326 1100 1354 naturae
1121 1323 1277 1353 uictorem
1302 1322 1479 1358 Ithacum3
1515 1331 1594 1352 con-

60 1374 198 1405 iunctae
223 1384 292 1405 non
316 1374 550 1405 inueniuntur.
599 1373 757 1404 codicum
782 1374 965 1405 lectionem
989 1374 1230 1410 retinentibus,
1257 1375 1283 1404 si
1309 1375 1369 1414 qui
1394 1377 1473 1414 post.
1498 1373 1594 1404 Stoe-

61 1425 180 1456 berum
195 1425 305 1456 futuri
320 1427 412 1462 sunt,
429 1425 653 1456 subministro
669 1433 706 1455 IV
721 1426 797 1461 478,
815 1425 913 1465 Verg.
932 1425 1016 1456 Aen.
1035 1434 1089 1455 xn
1105 1427 1180 1461 648,
1198 1425 1274 1456 qu.
1293 1434 1360 1455 vm
1378 1426 1450 1461 105,
1469 1433 1492 1454 x
1509 1426 1551 1455 54

147 1476 301 1516 praedae,
318 1476 363 1507 ad
378 1476 555 1517 praedam,
572 1479 613 1506 ut
628 1476 729 1516 Verg.
746 1476 831 1507 Aen.
849 1485 888 1506 VI
903 1477 967 1507 599
985 1476 1116 1516 (uoltur
1132 1477 1225 1507 iecur
1240 1480 1275 1507 et
1290 1477 1436 1515 uiscera)
1454 1476 1595 1506 rimatur

63 1551 71 1558 .
90 1551 97 1558 .
117 1551 124 1558 .
142 1526 251 1567 epulis
342 1529 406 1560 525
430 1526 563 1568 inperat
588 1526 705 1565 GL2M,
732 1526 867 1568 imperit
893 1527 929 1565 L,
957 1526 1099 1568 imperio
1126 1527 1200 1558 cod.
1225 1527 1379 1558 Venetus
1470 1535 1592 1567 gazam

60 1578 148 1610 Flor.
173 1581 208 1609 et
231 1577 343 1615 Bodl„
366 1587 468 1619 gazas
490 1577 592 1610 GLM.
640 1588 710 1609 non
732 1578 833 1609 facile
856 1578 1002 1609 inuitam
1024 1580 1088 1610 526
1111 1579 1157 1609 ad
1179 1582 1335 1610 naturam
1358 1579 1421 1609 524
1445 1578 1592 1610 refertur

59 1630 270 1671 interpositis
311 1633 346 1661 et
385 1629 492 1661 orbem
531 1633 567 1661 et
606 1640 706 1670 yazas
819 1632 971 1663 527—530
1008 1630 1246 1671 significantur
1286 1632 1325 1661 τὰ
1369 1633 1593 1670 χρυσοπλύσια

60 1683 366 1722 προσαγορευόμενα.
416 1680 530 1712 Strab.
567 1692 600 1722 p.
640 1682 702 1712 146
735 1683 767 1711 ἐν
801 1684 833 1712 δὲ
866 1684 937 1712 τοΐσ
970 1683 1107 1722 ῥείθροισ
1142 1685 1269 1722 σύρεται
1306 1683 1335 1719 (ὸ
1370 1683 1506 1722 χρυσὸσ)
1542 1685 1593 1712 καὶ

60 1734 213 1764 πλύνεται
244 1734 381 1770 πλησίον
413 1735 446 1763 ἐν
477 1733 633 1771 σκάφαισ,
664 1732 791 1763 Athen.
825 1743 857 1773 p.
891 1734 954 1764 233
984 1741 1008 1763 D
1041 1735 1182 1770 ποτάμια
1202 1757 1209 1764 .
1229 1757 1236 1763 .
1257 1757 1264 1764 .
1283 1735 1439 1773 ψήγματα
1474 1735 1594 1773 χρυσοῦ

60 1785 241 1824 καταφέρει,
270 1785 322 1815 καὶ
352 1786 453 1814 ταῦτα
471 1807 478 1814 .
500 1807 506 1813 .
526 1808 532 1814 .
551 1785 609 1814 σὺν
639 1785 714 1814 ταΐσ
745 1785 865 1821 ἄμμοισ
895 1785 1126 1825 ὑποψήχοντεσ
1159 1786 1296 1815 διιστᾶσι
1329 1787 1380 1815 καὶ
1411 1787 1593 1815 πλύναντεσ

59 1835 192 1874 ἄγουσιν
220 1837 272 1865 ἐπὶ
298 1836 357 1872 τὴν
384 1836 502 1874 χώνην,
533 1833 620 1865 Ρ1111.
654 1834 724 1865 n.h.
758 1843 884 1865 xxxm
916 1836 957 1866 66
989 1845 1110 1866 aurum
1142 1835 1368 1866 inuenitur..
1388 1835 1592 1875 .fluminurn

57 1885 265 1921 ramentis,
289 1888 326 1916 ut
351 1885 388 1916 in
416 1885 506 1925 Taqo
530 1884 735 1924 Hispaniae,
754 1909 761 1915 .
781 1909 788 1916 .
808 1909 815 1916 .
833 1885 994 1916 Pactolo
1034 1886 1140 1917 Asiae
1232 1888 1295 1919 527
1338 1885 1395 1917 ille
1434 1890 1475 1917 ut
1515 1887 1593 1923 256,

57 1946 169 1977 neque
189 1936 281 1967 enim
301 1935 421 1967 obstat
440 1938 562 1967 creatos
581 1935 713 1976 plurale
733 1940 815 1967 ante
835 1940 968 1977 septem
988 1947 1107 1968 uersus
1127 1938 1291 1978 positum.
1340 1937 1419 1968 uide
1440 1938 1589 1969 699-701

57 1987 149 2018 natis
166 2011 173 2018 .
194 2010 201 2018 .
221 2010 228 2018 .
247 1986 313 2023 ille,
333 1986 429 2018 Varr.
450 1997 506 2018 r.r.
529 1995 571 2017 111
590 1988 608 2018 7
630 1988 650 2018 9
669 1987 757 2018 nihil
775 1987 934 2018 columbis
947 1987 1139 2028 fecundius.
1189 1988 1297 2028 itaque
1316 1988 1431 2019 diebus
1450 1988 1591 2028 quadra-

56 2037 150 2078 genis
170 2037 315 2078 concipit
335 2041 364 2069 et
382 2038 475 2078 parit
495 2041 523 2069 et
545 2038 678 2069 incubat
699 2042 727 2069 et
748 2038 873 2075 educat,
896 2038 1110 2080 Maduigium
1127 2039 1172 2070 ad
1189 2039 1255 2071 Cic.
1275 2040 1317 2071 de
1334 2039 1390 2070 fin.
1411 2049 1438 2070 11
1459 2040 1501 2070 22

101 2088 296 2121 numerabit
307 2088 388 2127 GL2,
401 2088 598 2120 numerauit
613 2089 676 2120 LM
767 2092 830 2123 528
842 2089 1022 2130 perfundet
1034 2090 1122 2121 Flor.
1137 2094 1172 2121 et
1186 2091 1301 2127 Bodl,
1314 2090 1486 2131 perfundit
1501 2090 1590 2129 L²M‚

57 2140 220 2181 perfunto
230 2140 266 2179 L,
277 2139 456 2181 perfuncto
468 2139 495 2171 G
505 2141 579 2172 cod.
593 2141 746 2172 Venetus
826 2141 933 2178 litora,
945 2142 1091 2173 harenas
1104 2141 1255 2173 fluminis
1266 2143 1405 2173 auriferi
1486 2142 1493 2154 ⁴
1504 2153 1591 2173 nouo

55 2194 170 2231 ponto,
187 2191 287 2232 aquis
302 2192 514 2232 superiectis,
530 2195 571 2223 ut
586 2195 698 2223 terrea
714 2193 864 2223 materia
881 2193 992 2224 aureis
1008 2194 1104 2224 micis
1121 2196 1251 2224 secreta
1268 2194 1387 2225 effluat
1399 2194 1406 2206 '
1429 2194 1590 2231 Huetius,

60 2241 68 2255 ‘
79 2252 171 2274 nouo
182 2245 291 2284 ponto
302 2243 488 2284 perfundet
498 2243 611 2280 litora,
624 2243 737 2275 adhuc
748 2247 865 2275 uetere
877 2244 1047 2275 stillantia
1059 2244 1066 2256 '
1081 2244 1268 2276 Bentleius.
1314 2249 1438 2285 pontus
1449 2245 1592 2277 abusiue

56 2294 199 2334 ponitur
223 2297 263 2325 ut
287 2293 347 2326 Sil.
373 2302 411 2325 vr
437 2295 477 2326 13
502 2294 544 2325 de
568 2294 816 2332 Trasumenno,
839 2295 980 2335 pelaqus
1005 2295 1103 2336 Verg.
1130 2295 1214 2327 Aen.
1241 2305 1254 2327 1
1278 2297 1342 2327 246
1367 2296 1409 2327 de
1433 2297 1590 2333 Timauo,

55 2354 145 2385 quae
170 2347 290 2376 tamen
316 2346 430 2376 minus
456 2345 591 2376 tumide
617 2345 781 2377 dicuntur
873 2349 936 2379 529
962 2350 1137 2383 momenta,
1164 2347 1317 2388 pondera
1343 2349 1514 2378 trutinam
1540 2349 1590 2379 in-

55 2394 226 2427 clinatura
317 2398 380 2429 530
405 2395 532 2437 pactoli
557 2396 731 2427 Breiterus
757 2397 792 2427 in
818 2396 931 2428 Fleck.
959 2397 1075 2428 annal.
1103 2397 1172 2428 1101.
1202 2399 1264 2430 139
1289 2409 1322 2439 p.
1351 2399 1426 2435 861,
1452 2398 1592 2439 protulit

54 2445 155 2477 libri:
191 2446 287 2478 anth.
312 2446 389 2478 Lat.
414 2446 505 2478 Ries.
530 2448 594 2479 376
619 2448 655 2478 11
679 2447 809 2487 pactuli
832 2448 906 2479 eod.
931 2447 1167 2480 Salmasianus
1258 2450 1332 2480 ue*
1356 2450 1415 2489 (ad
1438 2459 1475 2480 1v
1499 2451 1589 2489 668),

54 2498 93 2528 ut
121 2497 200 2529 libri
295 2496 384 2538 leget
413 2498 564 2530 Huetius
594 2499 766 2538 (pontique
783 2498 852 2533 ,ille
882 2498 985 2538 leym),
1016 2498 1142 2540 legeret
1171 2499 1249 2531 libri
1349 2501 1468 2532 Claud.
1510 2509 1519 2531 1
1547 2503 1590 2532 54

53 2547 227 2588 despumat
238 2548 359 2580 rutilas
371 2548 466 2580 diues
478 2548 635 2580 Pactolus
647 2549 790 2580 harenas
880 2552 943 2581 aut
956 2551 1099 2581 minutis
1111 2552 1277 2582 ramentis
1290 2562 1399 2593 parua
1412 2556 1590 2583 momenta

53 2598 159 2630 faciet
185 2602 248 2631 aut
275 2610 318 2631 ex
345 2610 446 2631 amne
473 2611 557 2631 auro
585 2600 781 2632 abundanti
808 2611 952 2642 magnas
979 2601 1120 2633 diuitias
1146 2602 1246 2643 leget.
1296 2603 1458 2634 Pactolus
1485 2604 1589 2640 enim,

54 2651 151 2682 cuius
167 2661 292 2682 aurum
309 2651 378 2682 suis
395 2651 611 2692 temporibus
629 2651 792 2683 defecisse
809 2652 914 2683 refert
931 2651 1057 2684 Strabo
1075 2664 1108 2694 p.
1128 2654 1204 2689 626,
1222 2653 1329 2685 nihilo
1346 2658 1464 2685 tamen
1482 2655 1589 2686 setius

54 2701 148 2742 apud
166 2705 288 2743 poetas
307 2701 497 2733 ditissimus
515 2702 692 2734 ferebatur
783 2705 845 2736 531
867 2706 930 2736 532
949 2707 1030 2735 ante
1050 2706 1114 2737 399
1132 2705 1262 2741 traieci,
1280 2705 1349 2736 11110
1369 2707 1588 2742 necessarios,

52 2751 107 2783 hic
131 2752 241 2784 alieno
264 2752 339 2784 loco
362 2753 452 2784 inter
474 2763 598 2784 aurum
621 2757 873 2794 argentumque
896 2754 1084 2786 subeuntes
1108 2759 1143 2787 et
1166 2759 1308 2796 propter
1331 2757 1395 2788 535
1419 2756 1587 2788 molestis-

53 2803 167 2834 simos.
215 2803 310 2844 quod
337 2806 457 2835 autem
484 2803 653 2836 Firmicus
681 2813 749 2836 vm
779 2805 819 2836 16
847 2806 867 2837 3
896 2807 1154 2847 margaritarios
1182 2810 1442 2844 commemorat,
1470 2810 1589 2848 potest

54 2854 100 2885 ad
123 2854 252 2895 lapides
277 2856 342 2886 518
366 2855 544 2896 respicere,
569 2859 687 2897 potest
710 2856 753 2888 de
778 2867 840 2889 suo
864 2857 1009 2899 largitus
1033 2868 1116 2895 esse,
1141 2861 1182 2889 ut
1207 2858 1440 2890 bracteatores
1465 2862 1500 2890 et
1524 2860 1586 2890 im-
