1855 3088
196 83 249 122 36
786 79 847 121 M.
880 78 1132 122 MANILII

353 193 595 248 seminaque
615 193 658 234 in
678 192 827 234 faenus
847 192 1019 234 sulcatis
1039 193 1204 234 credere
1223 193 1345 234 terris

352 282 608 322 usuramque
627 267 745 322 sequi
764 267 967 308 maiorem
986 271 1098 308 sorte
1117 267 1296 322 receptis

229 349 297 380 275
352 342 542 396 frugibus
561 342 790 383 innumeris
810 346 939 396 atque
959 341 1107 383 horrea
1128 356 1325 397 quaerere
1344 341 1470 384 messi

355 417 484 471 (quod
505 416 640 457 solum
660 416 802 457 decuit
821 416 1012 457 mortalis
1032 430 1153 457 nosse
1172 416 1393 458 metallum
1413 431 1420 458 :

352 491 467 532 nulla
487 491 631 541 fames,
654 505 739 532 non
758 491 844 532 ulla
863 490 1002 532 forent
1021 490 1177 532 ieiunia
1196 490 1318 532 terris
1337 505 1345 540 ;

229 571 314 604 278a
353 565 471 607 diues
491 570 582 606 erat
601 580 749 607 census
768 565 971 606 saturatis
990 565 1186 619 gentibus
1206 565 1304 607 olim

353 641 508 695 argenti
527 641 646 681 uenis
665 640 836 695 aurique
856 639 1071 680 latentibus
1091 639 1198 692 orbi)
1589 638 1676 679 278b

354 720 409 764 et,
432 715 465 755 si
485 714 593 755 forte
613 714 732 755 labor
750 714 852 755 uiris
871 714 1118 764 tardauerit,
1141 713 1244 755 artis

228 797 297 828 280
353 789 446 843 quis
466 789 554 830 sine
574 789 689 830 nulla
709 788 842 838 Ceres,
865 803 950 829 non
969 788 1079 829 ullus
1099 788 1268 829 seminis
1287 803 1400 838 usus,

353 863 531 905 subdere
551 863 737 904 fracturo
758 863 861 904 silici
881 863 1094 904 frumenta
1115 877 1322 917 superque

353 938 504 979 ducere
524 938 747 992 pendentis
767 938 888 978 orbes
908 942 951 978 et
971 951 1154 992 mergere
1174 937 1287 978 farra

354 1027 403 1054 ac
422 1018 579 1053 torrere
600 1012 702 1053 focis
721 1012 1026 1067 hominumque
1046 1011 1248 1053 alimenta
1267 1026 1416 1066 parare

189 1155 307 1183 torrere
329 1161 452 1191 parare
476 1150 622 1187 uariare,
648 1153 689 1181 ut
714 1159 737 1180 v
763 1151 803 1181 72
830 1160 904 1190 sqq.
932 1152 968 1181 et
993 1151 1057 1182 370
1083 1159 1158 1191 sqq.
1252 1151 1406 1183 273-275
1430 1149 1511 1181 uide
1535 1158 1579 1181 m
1605 1151 1668 1182 152
1693 1153 1730 1182 et

189 1203 276 1234 thes.
300 1202 380 1243 ling.
399 1202 475 1233 Lat.
495 1211 533 1232 VI
552 1213 584 1242 p.
607 1202 672 1233 483
693 1202 734 1232 66
755 1211 844 1242 sqq„
866 1201 927 1232 ubi
947 1202 1117 1242 scriptum
1137 1201 1294 1242 oportuit
1316 1201 1416 1233 Ouid.
1439 1203 1504 1232 art.
1527 1210 1556 1232 Π
1575 1202 1639 1234 513

236 1256 300 1287 274
323 1264 463 1284 usuram
490 1253 584 1292 sequi
611 1256 651 1284 ut
678 1253 763 1283 Hor.
793 1263 893 1283 serm.
920 1261 933 1283 1
958 1253 977 1283 6
1002 1253 1043 1284 87
1067 1252 1228 1283 mercedes
1251 1262 1399 1292 sequerer
1490 1254 1555 1286 275
1577 1262 1731 1292 quaerere

190 1316 302 1346 neque
326 1306 480 1336 inuenire
503 1315 593 1345 quae
618 1314 764 1335 messem
785 1314 906 1345 capere
928 1304 1085 1344 possint:
1121 1314 1201 1344 pan.
1224 1303 1324 1334 Mess.
1350 1304 1412 1335 185
1434 1303 1549 1335 horrea
1563 1303 1730 1344 fecundas

189 1357 232 1389 ad
258 1357 445 1398 deficientia
472 1366 603 1393 messes,
631 1356 730 1396 Verg.
759 1365 872 1396 georg.
901 1364 915 1386 Ι
939 1356 982 1386 49
1010 1355 1190 1386 immensae
1216 1358 1378 1394 ruperunt
1404 1354 1519 1386 horrea
1544 1365 1675 1393 messes,
1702 1364 1732 1387 11

188 1410 298 1440 516-8
327 1418 464 1439 annus.
486 1432 492 1438 .
513 1431 519 1438 .
537 1410 703 1447 prouentu
721 1431 728 1437 .
749 1430 755 1438 .
776 1431 783 1438 .
802 1410 910 1437 oneret
938 1405 1046 1437 sulcos
1074 1409 1170 1446 atque
1198 1405 1313 1437 horrea
1341 1405 1465 1437 uincat.
1513 1406 1565 1437 ita
1593 1406 1675 1438 Luc.
1706 1415 1731 1438 v

189 1461 254 1492 280
272 1459 382 1491 oculos
400 1459 497 1490 morti
515 1459 706 1490 clausuram
724 1468 876 1498 quaerere
895 1458 1052 1498 (frustra)
1071 1457 1228 1494 dextram,
1247 1457 1339 1488 Man.
1360 1466 1388 1488 11
1406 1458 1482 1494 260,
1500 1466 1524 1488 v
1541 1459 1616 1490 318.
1664 1458 1730 1490 hoc

189 1515 225 1543 et
246 1511 435 1542 Firmicum
457 1519 525 1541 VIII
549 1511 585 1541 ll
610 1511 630 1541 3
652 1509 776 1541 fefellit
798 1512 833 1540 et
854 1510 1072 1550 interpretes,
1096 1509 1156 1549 qui
1177 1519 1330 1549 quaerere
1350 1519 1413 1550 pro
1432 1519 1555 1549 parare
1575 1509 1730 1551 positum

189 1566 319 1605 putant
411 1564 475 1594 276
502 1561 588 1601 quod
615 1561 795 1597 metallum,
824 1561 956 1592 semina
983 1561 1083 1591 terris
1111 1560 1263 1596 condita,
1292 1560 1338 1591 ad
1364 1570 1471 1600 quam
1498 1570 1571 1592 rem
1598 1560 1732 1592 metalli

190 1625 317 1646 nomen
334 1613 378 1645 ob
394 1613 657 1644 similitudinem
670 1612 849 1653 quandam
862 1613 912 1643 ita
924 1612 1134 1643 transfertur
1147 1614 1188 1642 ut
1202 1612 1336 1652 argenti
1349 1611 1394 1642 ad
1406 1614 1575 1643 craterem
1587 1611 1730 1644 fictilem

192 1665 292 1698 Ouid.
320 1668 401 1696 met.
428 1673 496 1695 VIII
521 1665 585 1695 668
609 1674 659 1704 sq.
686 1663 801 1694 omnia
818 1662 982 1704 fictilibus
998 1672 1010 1698 ,·
1043 1666 1119 1702 post
1142 1662 1220 1694 haec
1243 1662 1388 1693 caelatus
1412 1662 1539 1694 eodem
1568 1661 1572 1706 Ι
1599 1663 1732 1695 sistitur

189 1720 347 1757 arqento
377 1719 479 1747 crater
571 1717 636 1748 278
664 1714 794 1746 deleuit
828 1713 1017 1745 Bentleius.
1075 1714 1176 1750 ιεναί,
1207 1716 1244 1752 ἢν
1273 1715 1321 1744 ἄν.
1376 1713 1609 1745 conditionale
1637 1715 1730 1746 enim

189 1772 242 1800 est
259 1769 266 1781 '
285 1767 446 1808 Scaliger,
464 1777 576 1807 neque
594 1766 694 1797 aliter
711 1766 821 1807 accipi
838 1766 956 1806 potuit
972 1778 980 1802 ;
1010 1765 1071 1796 sed
1087 1765 1318 1796 indicatiuum
1335 1765 1449 1806 ipsum
1465 1776 1527 1806 per
1543 1776 1579 1797 se
1594 1769 1730 1798 rectum

189 1830 260 1851 non
278 1822 370 1850 recte
388 1818 438 1849 illi
450 1818 560 1858 forent
579 1817 742 1858 subiungi
759 1817 867 1848 sensit
886 1816 1064 1848 Bentleius
1080 1828 1087 1847 :
1120 1816 1269 1847 Iacobus
1287 1826 1399 1857 progr.
1420 1816 1546 1848 Lubec.
1567 1828 1622 1848 an.
1645 1818 1731 1850 1836

190 1882 223 1913 p.
251 1872 270 1902 6
296 1881 331 1902 se
354 1880 425 1901 non
449 1870 576 1900 sentire
604 1869 755 1909 ignorari
781 1868 904 1899 noluit.
953 1871 1036 1909 apte
1064 1868 1221 1899 homines
1247 1870 1325 1899 tum
1353 1867 1480 1901 diuites
1506 1868 1613 1900 fuisse
1639 1869 1729 1901 dice-

188 1926 309 1954 rentur
338 1932 417 1953 cum
446 1921 514 1952 alia
543 1920 685 1951 metalla
712 1930 783 1951 non
811 1922 976 1956 nossent;
1019 1919 1080 1950 sed
1108 1920 1181 1950 eius
1209 1919 1403 1950 sententiae
1431 1929 1511 1960 pars
1539 1921 1732 1952 necessaria

189 1974 298 2010 deest,
320 1983 428 2014 quam
449 1971 618 2013 suppleui,
641 1974 677 2002 et
698 1972 748 2002 ita
769 1971 911 2011 quidem
932 1974 972 2002 ut
993 1970 1064 2001 orbi
1085 1970 1152 2001 alio
1172 1970 1357 2007 traherem,
1379 1980 1470 2011 quae
1490 1981 1560 2002 uox
1579 1971 1731 2011 qentibus

189 2025 350 2057 datiuum
367 2034 450 2060 esse,
468 2027 508 2054 ut
525 2022 721 2064 oportebat,
738 2033 809 2053 non
824 2021 1026 2063 patiebatur
1041 2024 1295 2062 proptereaque
1310 2022 1346 2053 in
1361 2021 1449 2053 orbis
1464 2032 1485 2053 a
1501 2022 1576 2053 cod.
1594 2022 1731 2055 Ousano

189 2080 225 2108 et
248 2076 367 2107 multis
389 2074 580 2106 editoribus
603 2077 742 2105 mutata
765 2077 818 2104 est
909 2075 974 2106 279
996 2073 1216 2114 interpunxit
1238 2073 1449 2114 Pingraeus:
1486 2074 1569 2104 artis
1591 2084 1730 2106 accusa-

189 2129 285 2159 tiuus
309 2127 401 2158 unde
424 2126 591 2167 penderet
616 2125 688 2156 dixi
715 2125 761 2156 ad
784 2125 848 2155 272
940 2123 1024 2155 uiris
1047 2123 1129 2155 Vrb.
1157 2125 1233 2160 668,
1258 2127 1320 2155 aut
1343 2124 1409 2155 hoc
1433 2127 1496 2155 aut
1518 2123 1602 2156 iuris
1625 2124 1729 2163 GLM,

190 2178 279 2210 male
305 2178 395 2209 ruris
421 2177 511 2208 Flor.
540 2180 575 2207 et
603 2176 702 2207 Bodl.
731 2176 979 2217 coniungentes
1006 2175 1188 2206 tardauerit
1213 2178 1299 2206 artes
1325 2178 1361 2206 et
1387 2175 1557 2207 Becherto
1583 2179 1731 2218 excepto

190 2230 349 2261 editores.
399 2239 496 2260 senes
521 2228 657 2259 diutino
682 2227 800 2258 labore
825 2227 975 2258 confecti
999 2227 1098 2267 eique
1123 2226 1193 2257 iam
1216 2236 1287 2257 non
1311 2236 1411 2267 pares
1435 2236 1522 2268 opus
1545 2227 1730 2268 pistorium

191 2280 403 2313 exercebunt
494 2281 585 2311 artes
609 2278 675 2317 GL,
697 2280 809 2310 artem
832 2278 906 2309 cod.
925 2278 1090 2314 Venetus,
1113 2276 1198 2308 actis
1219 2277 1256 2308 M
1347 2279 1411 2310 280
1432 2277 1508 2317 quis
1528 2278 1602 2310 sine
1622 2279 1730 2311 etiam

189 2341 227 2363 1v
254 2333 327 2368 133,
352 2331 539 2371 utrobique
563 2341 605 2361 ex
629 2330 728 2371 Verg.
754 2340 867 2370 georg.
893 2338 907 2360 Ι
932 2330 994 2360 160
1018 2338 1068 2369 sq.
1094 2339 1190 2360 arma
1212 2326 1215 2371 Ι
1235 2328 1311 2369 quis
1333 2328 1407 2360 sine
1430 2339 1488 2360 nec
1507 2332 1643 2369 potuere
1665 2330 1733 2362 seri

189 2394 247 2415 nec
271 2393 401 2422 surqere
426 2392 545 2412 messes
637 2381 745 2418 Ceres,
771 2381 882 2422 panis,
907 2383 948 2411 ut
972 2389 1010 2411 IV
1034 2381 1096 2411 251
1191 2382 1254 2412 281
1278 2379 1431 2412 fracture
1455 2379 1541 2412 silici
1565 2381 1732 2413 Barthius

190 2435 270 2466 adu.
294 2445 326 2475 p.
348 2434 424 2469 256,
445 2432 615 2464 fracturos
638 2431 741 2464 silicis
763 2432 837 2463 cod.
857 2432 1022 2468 Venetus,
1042 2430 1196 2462 facturos
1222 2430 1325 2469 GLM,
1344 2434 1422 2462 tum
1440 2430 1509 2463 luci
1527 2430 1556 2463 G
1573 2434 1609 2463 et
1626 2431 1652 2464 11
1667 2443 1731 2474 pro

190 2496 263 2516 uar.
284 2485 362 2515 lect.
384 2495 488 2525 supra
505 2484 634 2525 scripto
653 2483 689 2520 L,
709 2482 762 2514 liti
779 2482 824 2514 M.
873 2482 969 2523 quod
984 2482 1068 2513 silex
1085 2491 1098 2512 I
1117 2483 1180 2514 856
1196 2482 1354 2513 feminini
1373 2485 1426 2514 est
1444 2483 1588 2523 generis,
1608 2483 1730 2515 eadem

190 2536 285 2578 apud
312 2535 477 2568 Ouidium
503 2535 739 2565 inconstantia
763 2537 825 2565 est.
874 2534 985 2565 silices
1010 2533 1175 2564 molarum
1200 2537 1450 2565 commemorat
1474 2533 1600 2566 Moreti
1624 2537 1732 2576 poeta

189 2589 242 2620 23.
291 2587 443 2618 Huetius
465 2586 599 2616 confert
620 2586 719 2626 Verg.
743 2595 855 2626 georg.
879 2593 893 2615 I
913 2586 977 2616 267
999 2594 1089 2615 mmo
1111 2587 1223 2616 torrete
1244 2584 1316 2624 iqni
1331 2583 1458 2625 fruqes,
1479 2595 1569 2617 nunc
1583 2584 1734 2626 franyite

189 2649 281 2675 saxo,
306 2637 484 2669 Bentleius
507 2636 591 2667 Aen.
617 2645 630 2667 I
655 2638 717 2667 178
741 2646 791 2676 sq.
811 2635 926 2676 fruqes
945 2660 951 2666 .
973 2660 979 2666 .
1000 2660 1006 2666 .
1026 2639 1055 2666 et
1077 2639 1194 2667 torrere
1214 2639 1340 2675 parant
1355 2635 1509 2677 flammis
1531 2639 1560 2668 et
1576 2635 1732 2677 franqere

189 2700 281 2726 saxo,
300 2688 400 2730 plura
424 2688 504 2719 uide
528 2688 562 2718 in
585 2688 672 2718 thes.
697 2687 776 2728 ling.
802 2687 878 2718 Lat.
904 2696 941 2717 VI
959 2697 992 2728 p.
1017 2687 1101 2717 1242
1121 2687 1162 2718 69
1181 2696 1256 2727 sqq.
1351 2689 1415 2720 282
1432 2690 1513 2728 post
1531 2689 1595 2720 283
1613 2686 1642 2719 G

234 2740 359 2777 ducere,
389 2739 464 2770 Val.
495 2739 545 2769 Fl.
576 2747 604 2769 II
632 2740 698 2769 448
726 2748 776 2778 sq.
808 2741 940 2768 tracto
966 2748 1049 2777 pars
1072 2737 1202 2778 sranyit
1230 2737 1350 2769 adorea
1376 2748 1457 2769 saxo
1479 2736 1483 2781 Ι
1498 2737 1606 2779 sarra,
1634 2738 1730 2779 quod

190 2792 358 2834 temptari
380 2801 450 2822 non
474 2790 596 2821 debuit
684 2789 860 2830 pendentis
883 2788 984 2827 orbes,
1008 2790 1046 2820 τὸ
1070 2791 1247 2827 ἐπιμύλιον,
1272 2789 1429 2821 catillum
1452 2792 1567 2821 metae
1589 2790 1728 2832 imposi-
