1855 3088
195 132 250 171 44
786 127 848 170 M.
881 127 1132 171 MANILII

410 241 512 297 quid
531 240 698 296 regione
716 240 862 295 Nepae
881 239 956 282 uix
975 239 1108 295 partis
1128 244 1224 282 octo
1243 238 1453 281 trahentis

230 324 299 355 340
353 316 439 358 Ara
458 316 594 357 ferens
613 315 720 357 turis
740 315 869 356 stellis
888 315 1156 356 imitantibus
1176 314 1327 369 ignem,

354 390 398 432 in
418 404 502 445 qua
522 390 666 432 deuoti
687 389 903 445 quondam
922 389 1105 430 cecidere
1125 389 1327 444 giganteS,

354 479 430 506 nec
449 464 565 519 prius
585 464 769 505 armauit
787 463 973 505 uiolento
994 463 1168 504 fulmine
1188 464 1384 505 dextram

355 539 559 595 Iuppiter,
581 544 681 580 ante
701 539 801 580 deos
822 552 951 594 quam
970 537 1163 580 constitit
1182 537 1270 592 ipse
1290 536 1482 579 sacerdos
1502 538 1517 579 ’ἓ

355 628 460 669 quos
479 613 622 669 potius
640 613 801 668 fingent
820 618 938 655 ortus
959 627 1088 668 quam
1106 610 1267 668 templa
1287 611 1462 653 colentis

193 734 279 766 tollet
310 734 442 766 lumina
472 734 608 772 caudae,
631 732 687 777 {si
717 734 792 774 quis
824 734 884 765 erit
915 733 1018 765 stellis
1049 737 1119 765 tum
1149 732 1412 774 suffragantibus
1442 735 1544 769 ortus,
1567 729 1729 775 {urbibus

192 786 322 826 auqebit
344 789 446 818 terras
467 787 510 827 (si
531 787 608 827 quis
629 790 718 823 tum,
741 796 821 817 cum
842 785 953 822 tollet,
976 788 1073 817 ortus
1094 786 1184 825 erit).
1233 785 1324 816 addo
1346 785 1381 815 in
1403 784 1502 815 Lucr.
1526 792 1564 814 VI
1585 784 1728 820 577-84‚

193 838 253 869 ubi
278 838 400 869 turbas
425 838 560 869 faciunt
587 838 766 879 Briegerus
793 837 996 869 Giussanius
1022 836 1170 868 Dielsius
1196 847 1308 877 neque
1334 836 1458 867 Munro
1483 846 1574 876 quae
1599 835 1729 876 scripta

192 892 275 921 sunt
298 891 560 931 interpretatur,
585 889 741 921 ordinem
764 899 837 920 esse
860 892 905 920 est
928 888 1006 920 haec
1029 899 1132 920 causa
1155 888 1315 925 tremoris,
1339 898 1414 919 cum
1437 887 1503 924 uis,
1527 886 1586 918 ubi
1608 889 1729 918 uentus

191 951 225 973 se
249 941 386 973 coniecit
405 940 582 982 fremitque
606 944 682 972 ante
704 944 929 981 portaturque,
952 943 1028 980 post
1052 940 1248 980 erumpitur.
1297 949 1379 970 nam
1404 939 1505 980 Prop.
1532 947 1561 969 11
1585 939 1606 968 4
1631 939 1651 969 9
1676 947 1727 978 sq.

193 993 329 1033 quippe,
359 992 418 1024 ubi
445 1003 503 1024 nec
531 1003 651 1024 causas
679 1002 737 1023 nec
766 995 895 1032 apertos
924 991 1090 1023 cernimus
1119 991 1217 1028 ictus,
1240 989 1244 1034 1
1264 990 1352 1022 unde
1381 994 1490 1021 tamen
1517 989 1657 1021 ueniant
1685 992 1729 1020 tot

195 1044 294 1081 mala,
316 1054 412 1075 caeca
433 1044 493 1075 uia
514 1047 560 1074 est
581 1043 753 1085 explicaui
773 1044 809 1074 in
832 1042 993 1075 Classical
1014 1042 1155 1074 Review
1177 1053 1231 1073 an.
1258 1043 1341 1074 1905
1363 1052 1396 1083 p.
1420 1042 1485 1073 318
1577 1042 1730 1074 339-356

194 1106 272 1127 011111
293 1095 433 1137 Scorpio
454 1096 610 1132 orientia,
632 1095 702 1126 Ara
721 1098 756 1126 et
777 1094 969 1126 Centaurus
1061 1096 1213 1127 339—347
1233 1104 1313 1125 cum
1333 1096 1459 1125 octaua
1479 1092 1610 1134 Scorpii
1629 1094 1730 1133 parte

194 1148 303 1178 oritur
324 1147 404 1178 Ara.
454 1147 593 1178 Firmici
615 1146 749 1178 codices
770 1155 839 1177 VIII
862 1147 902 1178 13
927 1147 941 1177 1
967 1146 1005 1177 in
1026 1151 1045 1177 I
1066 1145 1201 1186 Scorpii
1220 1149 1315 1185 parte
1336 1145 1442 1176 oritur
1462 1144 1546 1181 Ara,
1564 1154 1635 1175 non
1655 1144 1729 1184 ipse

193 1199 372 1235 Firmicus‚
401 1208 506 1239 quem
533 1198 628 1239 apud
655 1197 837 1229 Manilium
864 1200 1001 1239 partem
1029 1206 1097 1228 VIII
1124 1197 1295 1228 inuenisse
1323 1207 1365 1228 ex
1393 1207 1433 1227 eo
1461 1198 1608 1237 apparet
1634 1194 1730 1236 quod

194 1250 316 1281 eodem
340 1251 455 1291 capite
480 1249 692 1282 Centaurum
716 1249 754 1281 in
776 1248 911 1289 Scorpii
932 1252 1028 1289 parte
1051 1253 1133 1285 XII,
1158 1259 1228 1279 non
1251 1253 1288 1285 V,
1312 1248 1481 1279 orientem
1504 1246 1640 1278 inducit

239 1304 303 1335 339
322 1300 402 1342 quid
420 1301 466 1339 M,
487 1300 577 1342 quod
596 1300 650 1332 GL
670 1300 744 1332 cod.
765 1300 929 1332 Venetus.
978 1300 1113 1331 nullum
1133 1300 1232 1331 adest
1251 1299 1497 1336 anacoluthon,
1517 1308 1639 1330 uerum
1657 1298 1731 1329 eius

193 1353 289 1394 quod
304 1356 356 1384 est
366 1352 452 1393 facit
467 1352 606 1393 ellipsis,
623 1355 664 1383 ut
680 1352 764 1383 Hor.
782 1353 882 1393 epist.
901 1360 914 1382 I
932 1353 945 1382 1
966 1352 1004 1383 91
1023 1351 1104 1392 quid
1117 1361 1249 1391 pauper
1263 1351 1278 1381 ?
1368 1359 1476 1391 nepae
1491 1349 1550 1381 uix
1568 1349 1728 1390 Scaliger,

194 1404 267 1446 pari
283 1403 342 1435 uix
359 1403 440 1442 GL2,
457 1403 572 1445 paruis
589 1403 626 1442 L,
644 1403 742 1444 pauis
759 1403 806 1434 M.
853 1403 937 1435 haec
955 1403 1088 1444 Scorpii
1105 1402 1294 1444 appellatio
1312 1402 1412 1433 aliter
1429 1410 1466 1432 rv
1484 1402 1548 1433 356
1566 1403 1730 1442 corrupta

194 1459 258 1493 est,
282 1459 421 1487 seruata
442 1464 471 1486 ΙΙ
492 1456 558 1492 32;
594 1455 676 1495 lupa
698 1454 738 1486 fit
760 1455 826 1486 Cio.
851 1454 921 1486 n.d.
945 1463 988 1485 III
1008 1456 1062 1491 40,
1085 1464 1190 1494 uespa
1212 1454 1254 1485 de
1275 1453 1333 1485 fin.
1357 1462 1380 1484 v
1401 1454 1455 1490 42,
1478 1456 1573 1493 neqat
1594 1451 1726 1484 Colum.

194 1516 219 1538 X
242 1509 283 1538 57
375 1507 505 1547 reqione
529 1506 645 1546 Nepae
668 1516 748 1538 cum
771 1506 867 1543 dicit,
892 1509 932 1537 ut
956 1507 1019 1537 390
1044 1506 1082 1537 in
1104 1505 1234 1546 reqione
1257 1509 1343 1542 tuae,
1368 1504 1581 1545 Capricorne,
1599 1503 1730 1544 fiqurae

193 1562 229 1590 et
254 1559 320 1590 449
345 1559 475 1599 reqione
500 1569 615 1589 means
633 1582 640 1589 .
661 1582 667 1589 .
687 1582 694 1589 .
713 1558 858 1589 umentis
883 1557 1026 1597 Aquari,
1053 1557 1132 1588 uult
1157 1560 1345 1598 utrumque
1371 1557 1465 1588 sidus
1490 1557 1526 1587 in
1551 1556 1731 1588 horizonte

193 1621 277 1647 esse,
291 1611 326 1641 in
339 1620 408 1651 quo
421 1609 523 1641 ualde
536 1609 677 1640 fallitur.
726 1609 797 1640 Ara
809 1609 844 1640 in
857 1609 966 1640 isdem
978 1608 1204 1649 longitudinis
1216 1608 1380 1649 gradibus
1393 1618 1471 1638 cum
1484 1606 1731 1648 posterioribus

194 1662 327 1703 Scorpii
339 1661 498 1702 partibus
509 1662 593 1701 (non
605 1671 686 1692 sane
698 1671 777 1692 cum
788 1661 928 1700 octaua)
939 1661 1054 1701 posita
1064 1663 1128 1697 est,
1140 1660 1235 1700 quod
1245 1659 1454 1700 significauit
1464 1659 1593 1690 Aratus
1603 1659 1667 1690 402
1677 1667 1728 1698 sq.

196 1713 248 1744 ὑπ’
272 1715 429 1752 αἰθομένῳ
453 1715 570 1753 κέντρῳ
594 1714 710 1753 τέραοσ
732 1714 887 1752 μεγάλοιο
908 1710 912 1754 Ι
935 1714 1102 1752 Σκορπίου,
1134 1714 1214 1751 ἄγχι
1240 1713 1351 1750 νότοιο,
1379 1712 1530 1750 Θυτήριον
1556 1711 1726 1750 αἰωρεῖται,

193 1765 254 1796 sed
266 1764 309 1796 ob
320 1764 357 1795 id
365 1765 480 1806 ipsum
491 1774 561 1795 non
572 1763 674 1795 simul
685 1764 844 1795 oriuntur
936 1766 1000 1796 340
1013 1763 1126 1795 Germ.
1141 1763 1265 1804 phaen.
1281 1764 1346 1795 394
1362 1761 1564 1793 Turibulum
1576 1761 1730 1792 uicinum

195 1816 319 1848 austris
340 1826 433 1847 sacro
455 1816 529 1856 ique
550 1815 691 1852 uidebis,
714 1815 820 1856 Hipp.
846 1823 889 1845 ΠΙ
912 1816 926 1846 1
953 1815 972 1846 6
994 1817 1123 1855 πρῶτοσ
1146 1817 1204 1852 μὲν
1235 1816 1338 1855 ἀστὴρ
1363 1815 1532 1845 ἀνατέλλει
1560 1813 1576 1844 ὁ
1599 1814 1652 1844 ἐπὶ
1673 1814 1730 1843 τοῦ

195 1870 358 1907 ἐπιπύρου.
407 1867 476 1898 fert
497 1867 567 1898 Ara
589 1867 676 1898 turis
698 1867 823 1907 ignem,
847 1876 951 1907 quem
973 1867 1087 1907 ignem
1110 1865 1229 1897 stellae
1251 1866 1446 1902 imitantur,
1468 1865 1533 1897 hoc
1555 1867 1608 1896 est
1628 1874 1731 1895 uerae

193 1919 355 1951 flammae
386 1919 582 1950 imitatione
613 1918 777 1949 efficiunt.
826 1918 956 1949 imitari
986 1918 1078 1949 enim
1109 1917 1233 1948 Latine
1264 1917 1410 1948 dicimur
1440 1926 1510 1947 non
1541 1915 1652 1947 solum
1682 1915 1730 1952 id,

194 1971 291 2002 cuius
314 1970 537 2001 simulacrum
560 1969 733 2011 fingimus,
757 1972 798 2000 ut
819 1970 883 2000 417
907 1979 1081 2009 squamam
1102 1968 1206 2000 stellis
1229 1967 1438 1999 imitantibus
1461 1971 1497 1999 et
1520 1967 1620 1999 Ouid.
1645 1969 1728 1998 met.

194 2031 262 2053 VIII
286 2023 348 2054 195
371 2032 469 2052 ueras
491 2021 638 2052 imitetur
660 2031 751 2057 aues,
775 2021 835 2052 sed
855 2021 961 2052 etiam
980 2021 1106 2061 ipsum,
1127 2020 1223 2061 quod
1242 2019 1415 2060 fingimus,
1436 2018 1669 2055 simulacrum,
1690 2021 1731 2050 ut

194 2074 269 2104 Tib.
289 2082 332 2104 111
350 2074 369 2104 6
387 2074 428 2105 33
446 2072 579 2114 difficile
596 2076 642 2104 est
659 2072 789 2103 imitari
804 2072 930 2112 qaudia
941 2071 1045 2113 salsa,
1064 2072 1141 2104 Sen.
1162 2071 1245 2104 Oed.
1265 2072 1330 2103 419
1341 2070 1449 2112 falsos
1466 2071 1616 2101 imitatus
1638 2073 1731 2101 artus

195 2125 369 2165 (Bacchus
390 2125 533 2165 uirginis
554 2124 667 2155 forma
688 2124 856 2164 sumpta),
879 2124 946 2155 Cic.
970 2124 1057 2154 Tim.
1082 2125 1101 2155 3
1124 2124 1172 2163 (8)
1195 2122 1327 2154 imitata
1348 2126 1376 2153 et
1399 2122 1502 2163 efficta
1524 2121 1728 2158 simulacra;

193 2176 369 2217 quomodo
390 2175 527 2207 locutus
549 2178 601 2206 est
622 2175 803 2206 Lucretius
824 2176 860 2206 in
881 2185 982 2206 uersu
1003 2185 1108 2215 quem
1129 2175 1254 2205 iniuria
1274 2184 1295 2205 a
1316 2173 1429 2205 Fabro
1451 2176 1486 2204 et
1506 2173 1731 2204 Lachmanno

193 2230 448 2269 attemptatum
480 2237 582 2258 nemo
615 2226 799 2258 efficaciter
831 2226 988 2258 defendit
1019 2235 1042 2256 v
1077 2227 1162 2257 1069
1193 2225 1368 2266 suspensis
1400 2229 1524 2256 teneros
1555 2224 1732 2255 imitantur

193 2279 346 2310 dentibus
378 2279 529 2315 haustus,
561 2278 752 2319 eademque
782 2278 918 2309 ratione
952 2277 1153 2308 Herodotus
1188 2285 1216 2308 11
1249 2278 1291 2308 ’78
1319 2278 1426 2316 νεκρὸν
1445 2300 1452 2307 .
1473 2300 1479 2307 .
1500 2300 1507 2307 .
1525 2278 1648 2314 ξύλινον
1667 2300 1674 2307 .
1695 2299 1702 2307 .
1722 2299 1730 2308 .

194 2332 408 2369 μεμιμημένον
431 2333 467 2361 &a
490 2332 531 2361 τὰ
555 2332 709 2367 μάλιστα.
758 2329 823 2361 1100
847 2340 926 2360 011111
950 2339 1020 2360 11011
1044 2329 1207 2360 sensisset
1228 2338 1339 2368 neque
1361 2328 1470 2368 iqnem
1491 2327 1731 2358 accusatiuum

195 2385 231 2413 et
265 2382 311 2413 ad
338 2381 451 2422 ferens
486 2384 521 2412 et
556 2381 601 2412 ad
636 2380 847 2412 imitantibus
884 2383 977 2412 recte
1015 2380 1134 2411 referri
1171 2379 1397 2420 intellegeret,
1438 2378 1587 2419 Scaliger
1618 2378 1732 2419 ferens

195 2432 355 2464 absolute
378 2433 512 2463 dictum
535 2443 598 2473 pro
621 2434 840 2473 ἀναφερομένη
868 2432 1012 2473 accepit.
1062 2434 1215 2462 ceterum
1239 2431 1320 2462 uide
1347 2431 1411 2463 365
1434 2440 1484 2471 sq.
1503 2429 1730 2471 formantibus

195 2484 295 2515 astris
317 2482 321 2526 Ι
338 2483 495 2524 plumeus
515 2484 552 2515 in
573 2483 701 2514 eaelum
722 2483 842 2514 nitidis
864 2482 941 2514 Olor
961 2482 1069 2514 euolat
1090 2482 1156 2514 alis
1248 2484 1311 2515 341
1332 2483 1435 2523 iunge
1456 2482 1494 2512 in
1514 2491 1580 2521 qua
1600 2481 1730 2514 deuoti:

194 2536 271 2567 dico
282 2535 326 2566 ob
339 2535 497 2576 Pingraei
508 2545 657 2566 errorem
669 2545 690 2566 a
699 2535 957 2576 Wageningeno
968 2535 1143 2566 iteratum.
1187 2534 1292 2565 schol.
1305 2534 1402 2564 Arat.
1415 2534 1479 2565 403
1494 2533 1730 2573 Ἐρατοσθένησ

195 2589 334 2628 (catast.
353 2587 409 2626 39)
432 2589 512 2626 φησὶ
533 2588 570 2617 τὸ
592 2588 745 2626 Θυτήριον
768 2588 862 2617 τοῦτο
886 2589 965 2617 εἶναι
989 2586 1039 2625 ἐφ’
1065 2584 1089 2626 ᾧ
1111 2587 1234 2626 πρῶτον
1258 2587 1286 2616 οἱ
1311 2587 1375 2616 θεοὶ
1399 2587 1598 2623 συνωμοσίαν
1622 2586 1731 2616 ἔθεντο

195 2641 248 2670 ὅτε
272 2640 325 2669 ἐπὶ
349 2640 426 2669 rosto*
449 2639 590 2669 Τιτᾶνασ
617 2640 828 2678 ἐστράτευσεν
852 2638 867 2668 ὁ
891 2639 973 2668 zeter
1066 2639 1130 2670 342
1155 2639 1218 2670 343
1243 2636 1285 2667 de
1308 2636 1373 2667 hac
1397 2636 1571 2667 enuntiati
1593 2635 1731 2667 relatiui

195 2689 386 2731 appendice
412 2688 492 2720 uide
518 2689 564 2720 ad
590 2697 627 2719 1v
655 2689 718 2720 695
811 2690 876 2721 342
902 2688 1058 2720 dextram
1084 2687 1164 2726 GL2,
1192 2687 1309 2719 dextra
1335 2687 1381 2725 M,
1409 2686 1525 2718 dextro
1551 2687 1577 2718 L
1668 2689 1733 2720 343

195 2740 349 2773 constitit
364 2740 444 2778 GL2,
459 2739 637 2772 constituit
651 2739 687 2778 L,
703 2739 774 2781 ipse
789 2739 941 2771 constitit
954 2739 990 2771 M
1005 2740 1065 2771 sed
1080 2750 1164 2770 corr.
1180 2750 1224 2770 m.
1242 2740 1256 2770 1
1352 2741 1505 2772 344—348
1518 2738 1589 2770 Ara
1602 2739 1733 2770 oriente

196 2795 388 2824 nascuntur
416 2791 565 2822 Firmico
594 2800 662 2822 VIII
693 2793 732 2823 13
764 2793 779 2822 1
811 2792 1000 2832 interprete
1028 2790 1219 2827 sacerdotes,
1246 2790 1436 2831 prophetae,
1465 2789 1604 2821 neocori.
1652 2790 1733 2821 uide

196 2845 303 2876 etiam
317 2852 360 2875 111
375 2844 395 2875 6
409 2845 428 2875 7
441 2843 631 2884 prophetae,
647 2842 787 2880 neocori,
803 2846 861 2874 aut
873 2842 1060 2884 praepositi
1075 2842 1206 2883 templis
1220 2845 1249 2874 et
1262 2841 1489 2882 reliyionibus,
1507 2842 1546 2872 10
1562 2842 1581 2872 3
1596 2840 1731 2881 hymno-
