1855 3088
551 113 1034 156 ASTRONOMICON
1064 114 1106 155 V
1537 117 1592 156 49

104 234 172 266 375
227 240 356 282 quam
374 226 500 267 modo
520 225 695 267 militiae
715 241 722 267 :
759 227 1041 268 Numidarum
1060 227 1270 282 pascimur
1290 226 1371 268 oris

226 300 429 342 Phasidos
449 304 492 341 et
510 299 613 341 lucis
633 315 641 349 ;
678 300 901 342 arcessitur
919 301 1016 343 inde
1035 301 1258 343 macellum

226 375 338 416 unde
357 378 507 415 aurata
526 388 638 415 nouo
658 374 835 415 deuecta
855 379 919 416 est
938 389 1118 430 aequore
1137 375 1268 430 pellis.

228 448 329 503 quin
349 447 478 489 etiam
496 447 659 503 linguas
678 447 898 489 hominum
918 463 1145 504 sensusque
1165 448 1334 491 docebit

227 522 358 563 aerias
377 522 567 563 uolucres
586 536 781 577 nouaque
800 522 844 563 in
864 523 1112 564 commercia
1132 523 1259 564 ducet

105 604 173 636 380
226 596 439 651 uerbaque
458 595 686 650 praecipiet
706 601 883 637 naturae
903 596 990 650 lege
1010 601 1175 651 negata.

227 670 315 724 ipse
335 670 461 711 deum
481 670 645 724 Cycnus
665 671 810 711 condit
828 684 1059 725 uocemque
1080 671 1157 712 sub
1177 670 1247 711 illo

227 759 312 785 non
331 749 448 785 totus
467 744 648 793 uolucer,
670 758 895 799 secumque
914 744 1197 786 inmurmurat
1216 744 1344 786 intus.

228 832 303 859 1100
323 823 366 859 te
384 822 652 872 praetereant
672 818 833 859 clausas
854 819 926 873 qui
946 818 1125 859 culmine
1146 833 1310 860 summo

229 906 397 946 pascere
416 907 516 933 aues
535 892 706 933 Veneris
726 892 913 946 gaudent
932 898 975 934 et
994 893 1166 934 reddere
1186 893 1300 934 caelo

70 1037 186 1069 uolunt
203 1037 288 1078 quod
306 1037 516 1068 ambitiosam
531 1037 698 1078 popinam
716 1037 871 1075 instruat,
891 1048 948 1069 nec
964 1038 1053 1078 piqet
1071 1049 1092 1069 a
1110 1038 1258 1075 Parthis,
1278 1049 1299 1069 a
1316 1037 1435 1078 quibus
1453 1037 1602 1069 nondum

68 1099 194 1130 poenas
211 1089 400 1129 repetimus,
420 1099 500 1120 aues
516 1093 632 1129 petere.
680 1089 834 1120 locorum
854 1100 874 1120 a
892 1089 1036 1130 Mayoro
1056 1090 1101 1121 ad
1120 1090 1196 1121 qu.
1218 1098 1258 1120 XI
1279 1091 1341 1122 139
1361 1092 1602 1129 congestorum

71 1141 220 1172 maxime
240 1140 307 1171 huc
327 1141 503 1181 pertinent
524 1140 611 1171 Plin.
635 1141 704 1171 n.h.
728 1149 795 1171 XIX
815 1141 856 1171 52
878 1143 913 1171 et
934 1149 1026 1171 XXVI
1046 1141 1100 1177 43,
1123 1141 1214 1172 Petr.
1237 1142 1279 1172 93
1300 1142 1319 1171 2
1415 1143 1479 1173 375
1500 1149 1604 1180 quam

71 1190 136 1229 GL,
158 1200 224 1232 qua
243 1191 279 1222 M
370 1190 436 1222 oris
456 1191 502 1229 M,
520 1190 612 1222 horis
633 1190 687 1222 GL
779 1193 843 1224 376
862 1190 948 1222 lucis
968 1191 1128 1232 Scaliger,
1146 1191 1241 1223 ducis
1262 1191 1324 1222 LM
1345 1191 1418 1222 eod.
1437 1191 1603 1228 Venetus,

71 1242 177 1274 dulcis
207 1241 245 1274 G.
292 1245 441 1283 pascunt
470 1252 533 1273 nos
563 1242 795 1273 Numidarum
826 1253 905 1273 orae
935 1242 1072 1283 gallinis
1102 1242 1306 1279 Numidicis,
1339 1242 1506 1274 Phasidos
1536 1242 1605 1273 luci

70 1294 245 1335 phasianis
335 1293 519 1330 macellum,
543 1304 595 1324 res
619 1303 708 1334 quae
730 1294 766 1324 in
789 1293 933 1324 macello
956 1296 1120 1330 ueneunt,
1144 1297 1185 1325 ut
1208 1293 1293 1324 Plin.
1319 1294 1389 1324 n.h.
1415 1303 1481 1324 XIX
1505 1294 1546 1324 52
1569 1296 1606 1324 et

71 1345 199 1385 passim
219 1344 312 1385 apud
332 1344 480 1376 Graecos
495 1346 607 1384 ἀγορά,
624 1344 721 1376 uelut
736 1344 841 1375 Arist.
859 1355 892 1385 p.
912 1344 1017 1376 1347b
1033 1345 1052 1375 6
1144 1347 1208 1377 377
1223 1355 1321 1381 nouo,
1339 1344 1346 1357 ‘
1361 1347 1438 1376 tum
1453 1345 1604 1385 primum

70 1398 208 1426 tentato
224 1395 231 1408 ’
260 1395 448 1431 Bentleius‚
475 1395 555 1426 uide
582 1404 595 1426 Ι
622 1396 663 1426 68
754 1394 896 1427 deuecta
926 1395 1086 1432 Iacobus,
1113 1394 1236 1427 effecta
1266 1395 1339 1433 LM,
1367 1394 1495 1426 infecta
1526 1395 1600 1426 cod.

72 1446 236 1482 Venetus,
264 1445 420 1477 confecta
446 1445 497 1484 L2,
525 1447 692 1477 conuecta
718 1445 756 1484 G,
784 1456 854 1486 quo
881 1447 1074 1487 composito
1100 1457 1202 1478 nemo
1230 1446 1341 1478 bonus
1368 1447 1515 1487 scriptor
1540 1456 1603 1487 pro

72 1497 218 1538 simplici
244 1507 326 1528 usus
353 1500 415 1528 est.
464 1497 582 1528 Iacobi
609 1498 807 1528 coniectura
834 1497 879 1528 ab
907 1497 983 1528 qu.
1013 1506 1027 1528 1
1056 1499 1095 1529 10
1129 1508 1179 1538 sq.
1214 1497 1302 1529 unde
1334 1497 1424 1528 alius
1452 1497 1605 1538 furtiuae

69 1547 206 1579 deuehat
229 1558 351 1579 aurum
372 1546 376 1591 1
394 1547 569 1588 pelliculae
589 1548 927 1579 commendationem
947 1549 1084 1589 accipit,
1106 1552 1200 1580 certa
1220 1559 1290 1580 non
1309 1552 1383 1580 est:
1422 1559 1542 1580 uereor
1562 1559 1604 1580 ne

74 1610 95 1630 a
125 1602 230 1640 poeta
259 1600 428 1640 scriptum
454 1600 500 1630 sit
529 1598 703 1641 uec<ta>ta
793 1601 857 1632 378
886 1609 1013 1630 sensus.
1062 1599 1135 1631 Ael.
1168 1610 1235 1631 n.a.
1269 1608 1291 1630 v
1318 1600 1360 1632 36
1391 1601 1489 1638 ὄνομά
1517 1603 1604 1631 ἐστιν

72 1651 195 1691 ὄρνιθοσ
233 1652 398 1690 ἀστερίασ,
439 1652 490 1681 καὶ
528 1651 730 1681 τιθασεύεταὶ
767 1663 806 1690 ’γε
846 1654 878 1681 ἐν
917 1650 958 1690 τῇ
997 1652 1162 1690 Αἰγύπτῳ,
1200 1653 1250 1682 καὶ
1286 1653 1452 1691 ἀνθρώπου
1491 1653 1604 1690 φωνῆσ

72 1703 186 1732 ἐπαίει·
215 1703 241 1732 εἰ
270 1703 303 1732 δέ
331 1713 383 1732 τισ
410 1703 505 1732 αὐτὸν
533 1703 688 1739 ὀνειδίζων
723 1703 833 1733 δοῦλον
867 1704 961 1739 εἴποι,
993 1703 1008 1733 ὁ
1037 1703 1069 1733 δὲ
1100 1704 1269 1742 ὀργίζεται·
1300 1704 1350 1733 καὶ
1379 1704 1408 1733 εἴ
1434 1714 1486 1733 τισ
1514 1703 1604 1733 ὄκνον

72 1753 235 1784 καλέσειεν
273 1754 379 1790 αὐτὸν,
425 1753 441 1783 ὁ
481 1753 514 1783 δὲ
552 1754 738 1793 βρενθύεται
783 1754 834 1783 καὶ
876 1754 1062 1792 ἀγανακτεῖ,
1108 1754 1154 1784 ὡσ
1199 1755 1250 1784 καὶ
1292 1756 1341 1784 εἰσ
1386 1755 1423 1784 τὸ
1467 1754 1604 1793 ἀγεννὲσ

72 1805 299 1841 σκωπτόμενοσ
330 1806 381 1834 καὶ
416 1805 464 1834 εἰσ
497 1805 611 1843 ἀρ’γίαν
644 1805 863 1841 εὐθυνόμενοσ,
898 1813 1114 1844 quamquam
1144 1804 1209 1835 hoo
1241 1804 1285 1835 ab
1319 1805 1456 1845 ingenio
1487 1805 1605 1845 potius

70 1865 177 1896 quam
206 1854 250 1885 ab
279 1855 499 1885 institutione
526 1854 688 1885 habuisse
716 1855 865 1885 uidetur.
914 1854 1045 1885 Plinius
1074 1855 1144 1886 n.h.
1176 1863 1200 1885 x
1235 1857 1296 1886 117
1331 1856 1500 1896 psittacos
1534 1866 1605 1886 non

71 1908 213 1937 tantum
245 1905 416 1936 humanas
448 1915 550 1936 uoces
580 1905 721 1936 reddere
752 1905 812 1936 sed
842 1906 949 1936 etiam
979 1906 1199 1937 sermocinari
1230 1906 1324 1937 dicit.
1419 1908 1483 1939 379
1512 1915 1606 1938 noua

73 1956 154 1995 GL2,
176 1965 285 1987 nouas
306 1956 370 1987 LM
459 1955 560 1987 ducet
581 1955 619 1994 G,
641 1955 735 1987 ducit
755 1955 818 1987 LM
909 1959 972 1989 380
993 1958 1119 1997 negata
1142 1956 1222 1995 GL2,
1246 1959 1369 1988 necata.
1390 1957 1464 1989 LM.
1512 1958 1604 1989 Pers.

71 2007 157 2049 prol.
183 2009 265 2038 8-11
292 2007 367 2047 quis
391 2007 559 2047 expediuit
580 2007 722 2047 psittaco
745 2017 845 2038 suum
868 2007 981 2038 chaere
1003 2005 1007 2050 Ι
1025 2007 1202 2048 picamque
1226 2007 1337 2039 docuit
1365 2008 1466 2040 uerba
1493 2012 1606 2040 nostra

72 2058 218 2090 conari?
237 2082 243 2089 .
265 2082 271 2089 .
293 2082 299 2089 .
318 2061 441 2095 uenter,
478 2062 612 2097 negatas
648 2057 768 2099 artifex
806 2058 899 2098 sequi
938 2069 1033 2090 uoces
1125 2061 1188 2092 381
1228 2059 1336 2096 deum,
1373 2059 1505 2096 Iouem,
1544 2061 1606 2100 qui

72 2109 152 2141 deus
174 2109 212 2140 in
233 2109 373 2140 niueum
394 2109 558 2140 descendit
579 2119 695 2140 uersus
716 2109 836 2140 olorem
854 2108 858 2152 l
875 2113 1024 2149 terqaque
1040 2109 1162 2150 fidenti
1184 2110 1321 2142 subiecit
1340 2110 1477 2150 plumea
1497 2110 1606 2143 Ledae

72 2169 86 2192 1
123 2161 187 2193 339
225 2171 289 2201 sq„
328 2169 351 2191 V
388 2161 431 2191 25
471 2160 628 2200 Iuppiter
665 2160 743 2192 alite
780 2164 879 2192 tectu-s
970 2160 1030 2192 sub
1067 2161 1136 2198 illo,
1176 2162 1212 2192 in
1251 2162 1315 2193 deo
1354 2162 1604 2200 inhaerentem,

72 2212 151 2243 uide
177 2220 205 2243 Π
231 2213 304 2243 623.
353 2211 430 2243 sen.
459 2211 587 2243 Phaed.
616 2213 724 2243 300-2
751 2212 823 2251 ipse
848 2212 907 2252 qui
932 2211 1059 2243 caelum
1084 2212 1283 2252 nebulasque
1308 2212 1398 2244 ducit
1420 2211 1424 2256 1
1444 2214 1607 2245 candidas

71 2263 139 2294 ales
167 2262 261 2294 modo
289 2263 394 2293 mouit
421 2262 505 2300 alas,
529 2261 533 2305 Ι
553 2262 680 2294 dulcior
707 2273 820 2294 uocem
848 2263 1005 2294 moriente
1032 2273 1142 2304 cycno.
1190 2264 1275 2295 satis
1304 2264 1390 2296 bene
1418 2265 1607 2306 Pingraeus

75 2314 82 2326 ‘
97 2314 128 2346 10
150 2314 266 2356 Cygne
287 2325 374 2346 nous
397 2315 501 2345 cache
522 2325 570 2346 un
592 2315 695 2351 dieu;
731 2317 823 2345 cette
845 2314 991 2345 divinite
1013 2314 1061 2345 lui
1083 2315 1180 2356 prete
1201 2326 1269 2347 une
1291 2315 1412 2357 espece
1435 2316 1477 2348 de
1499 2317 1603 2353 voix;

73 2365 97 2396 il
123 2368 175 2397 est
203 2365 280 2406 plus
309 2365 499 2406 qu'oiseau,
528 2365 552 2396 il
579 2376 755 2397 murmure
782 2365 841 2396 des
868 2365 1002 2407 paroles
1029 2366 1222 2397 au-dedans
1247 2366 1288 2398 de
1316 2366 1492 2398 lui-meme
1508 2367 1515 2380 ’

122 2419 186 2450 382
203 2416 289 2447 Plin.
308 2417 378 2447 n.h.
398 2425 423 2447 X
440 2418 481 2448 82
499 2427 609 2448 secum
628 2417 699 2456 ipse
715 2420 901 2447 murmurat
917 2427 1022 2448 sonus
1042 2416 1207 2448 lusciniae
1299 2420 1363 2451 383
1383 2418 1516 2450 clausas
1536 2419 1604 2459 qui.

73 2468 296 2509 postponitur
313 2467 499 2498 relatiuum
516 2478 559 2499 ne
577 2471 723 2508 quartus
741 2478 801 2508 pes
819 2478 902 2498 uoce
921 2467 1109 2508 spondiaca
1127 2471 1263 2499 constet
1281 2469 1386 2500 etiam
1404 2478 1418 2500 1
1435 2470 1511 2506 385,
1531 2471 1607 2507 776,

76 2527 104 2549 11
122 2519 195 2555 169,
213 2519 289 2555 283,
308 2519 383 2555 679,
401 2527 444 2549 111
462 2519 536 2555 134,
554 2527 591 2549 1v
608 2519 684 2555 259,
702 2527 724 2549 v
742 2519 804 2549 742
822 2530 829 2555 ;
860 2528 961 2549 suum
977 2518 1091 2549 locum
1107 2520 1234 2550 retinet
1251 2528 1264 2550 1
1280 2520 1344 2551 325
1360 2530 1425 2560 qua
1441 2520 1608 2560 quondam

74 2572 109 2601 et
133 2569 210 2610 plus
234 2570 359 2609 uiginti
382 2569 538 2601 uersibus
628 2569 772 2600 culmine
795 2579 934 2600 summo.
983 2569 1080 2600 Varr.
1106 2580 1162 2601 r.r.
1188 2578 1231 2601 m
1256 2572 1274 2601 7
1302 2572 1316 2602 l
1344 2571 1545 2611 (habentur)
1571 2572 1609 2603 in

74 2619 221 2650 turribus
237 2630 275 2651 ac
290 2619 513 2651 columinibus
529 2619 642 2657 uillae,
659 2631 680 2651 a
695 2630 757 2660 quo
773 2620 958 2660 appellatae
974 2619 1140 2652 columbae
1231 2623 1295 2654 384
1310 2621 1444 2653 ueneris
1459 2622 1610 2663 gaudent

73 2670 120 2707 M,
146 2669 296 2711 gaudent
319 2670 453 2702 ueneris
478 2670 544 2702 GL.
592 2671 686 2702 Seru.
713 2671 797 2702 Aen.
824 2679 862 2701 VI
889 2672 950 2703 193
980 2670 1100 2703 Veneri
1123 2676 1326 2703 consecratas
1348 2676 1482 2712 propter
1500 2672 1608 2713 fetum

71 2720 273 2762 frequentem
295 2725 323 2752 et
345 2722 467 2753 coitum
557 2721 652 2753 caelo
675 2722 834 2759 Iacobus,
857 2730 975 2753 caecos
998 2721 1090 2753 GLM
1111 2723 1186 2754 cod.
1210 2723 1374 2760 Venetus,
1397 2734 1508 2755 caecas
1531 2724 1605 2755 cod.

77 2772 180 2809 Flor„
200 2772 325 2803 credere
346 2772 467 2813 (redere
487 2772 526 2812 L)
547 2783 663 2813 campo
684 2773 872 2804 Bentleius.
921 2774 1056 2812 φάσσασ
1077 2773 1223 2806 aliarum
1240 2774 1485 2816 capiendarum
1502 2785 1608 2807 causa

75 2826 279 2856 excaecatas
302 2827 473 2856 memorat
496 2824 683 2866 Dionysius
709 2826 804 2865 ὀρνιθ.
830 2833 874 2855 ΠΙ
900 2825 952 2861 12,
978 2824 1037 2856 sed
1061 2824 1090 2856 is
1117 2835 1191 2857 mos
1219 2825 1263 2857 ab
1290 2826 1354 2857 hoc
1375 2825 1450 2857 loco
1474 2825 1606 2858 alienus

826 2887 850 2909 D
