1855 3088
177 123 256 161 146
473 119 534 160 Μ.
567 116 818 159 MANILII
848 113 1330 157 ASTRONOMICON
1361 113 1402 155 V

216 233 279 264 893
303 230 444 262 subacta
460 229 487 261 G
505 229 577 268 (sub
594 239 636 260 ex
655 230 731 267 891)
750 238 833 259 corr.
853 228 887 258 in
904 229 1091 268 superacta.

215 288 279 318 897
303 286 447 323 δαιμονίη
472 287 590 315 sextus
614 283 708 314 locus
737 281 932 323 appellatur
957 282 992 312 in
1015 291 1148 322 papyro
1170 292 1191 312 a
1214 280 1405 311 Robbinsio
1427 279 1522 310 edita
1544 276 1704 310 Classical

170 336 349 377 Philology
363 346 417 367 an.
436 336 518 367 1927
533 345 565 375 p.
584 336 623 366 14
639 336 652 365 l
671 334 688 365 I
706 335 756 370 15,
772 334 916 370 δαιμονία
934 332 1042 372 (quod
1059 332 1212 372 corrupit
1228 331 1446 370 Cumontius)
1460 329 1622 362 G.G.A.G.
1638 336 1705 359 vm

168 388 205 419 iii
227 398 259 429 p.
287 388 344 418 101
369 387 410 419 23
432 397 484 427 sq.
508 388 544 416 τὸ
562 387 668 423 μέντοι
692 386 782 415 ἕκτον
803 385 1083 423 (δωδεκατημόριον
1099 385 1155 414 τοῦ
1176 384 1383 421 διαθέματοσ)
1404 383 1566 419 δαιμονίαν
1587 381 1706 419 (ἐκάλει

165 439 302 480 Ἐρμῆσ)
320 440 372 469 καὶ
388 440 504 476 ποινῆσ
521 439 571 468 καὶ
588 439 697 467 alvom
710 437 905 474 δηλωτικόν;
931 435 1074 475 quintus
1091 433 1275 474 utrobique
1292 435 1399 473 ἀγαθὴ
1416 435 1509 472 τύχη.

215 495 279 526 904
301 495 437 532 utraque
454 492 560 523 etiam
577 490 678 522 Silius
695 498 735 521 XI
750 491 814 521 477
831 489 919 529 ripis
935 492 1071 528 utraque
1087 487 1304 528 sequentibus.

214 549 278 579 912
300 546 446 578 fortasse
461 545 588 577 sufficit
596 544 804 585 fratrumque
819 543 909 575 uices
924 542 1109 582 mortisque,
1126 551 1208 573 nam
1223 542 1258 573 in
1274 540 1437 573 C.O.A.G.
1455 549 1522 571 vm
1537 540 1573 571 iii
1588 549 1621 581 p.
1641 539 1702 571 190

170 599 209 630 13
223 608 273 638 sq.
290 598 372 629 haee
392 596 575 633 habentur,
592 596 607 626 ὁ
630 597 740 635 τρίτοσ
765 597 881 633 (τόποσ
908 596 975 633 ἔχει
1001 596 1151 633 κλήρουσ)
1176 592 1220 632 7¹·
1246 595 1360 633 κλῆρον
1385 593 1544 630 ἀδελφῶν,
1573 591 1704 631 ἀριθμὸν

168 651 328 688 ἀδελφῶν,
351 651 466 689 κλῆρον
492 648 652 678 θανάτου
675 648 857 685 ἀδελφῶν.
906 648 1058 677 ceterum
1082 644 1125 676 de
1147 643 1300 675 locorum
1325 643 1494 675 coloribus
1518 641 1705 674 Salmasius

168 711 246 732 ann.
273 699 361 732 clim.
387 699 493 741 praef.
519 698 577 730 fol.
597 709 615 730 6
632 700 651 730 7
669 698 753 730 haec
770 698 886 734 refert,
904 696 1102 736 horoscopus
1123 699 1152 727 et
1173 695 1334 735 septimus
1356 694 1396 726 ab
1418 694 1593 734 horoscopo
1615 692 1704 725 locus

167 751 235 783 albi
251 754 339 788 sunt,
358 750 521 782 secundus
538 753 566 781 et
585 749 797 781 duodecimus
819 748 956 785 uirides,
983 747 1096 779 tertius
1119 750 1147 778 et
1169 746 1363 778 undecimus
1385 745 1497 783 crocei,
1520 747 1657 785 quartus
1676 747 1704 776 et

167 803 313 834 decimus
335 802 437 839 rubri,
462 801 598 842 quintus
624 804 652 832 et
673 810 782 832 nonus
803 799 920 837 mellei,
943 802 1053 831 sextus
1074 802 1102 830 et
1124 802 1261 830 octauus
1282 797 1382 838 niqri,
1406 807 1495 838 quae
1516 797 1589 838 ipse
1611 795 1704 838 apud

167 857 325 886 auctores
339 853 495 885 nondum
509 853 653 894 repperi.

213 911 276 942 915
300 908 354 940 de⁴
373 907 491 939 Lunae
523 908 606 948 πρὸσ
637 908 675 937 τὰ
709 908 834 945 ἐπίγεια
866 906 1047 944 συμπαθείᾳ
1078 904 1290 945 Hermippus
1320 904 1362 935 79
1397 905 1412 934 δ
1446 904 1509 943 ’γὰρ
1544 904 1575 933 ἐν
1611 901 1704 941 ζῴοισ

167 962 318 997 θάνατοσ,
349 959 434 990 τοῦτ’
463 961 548 996 οἶμαι
577 961 721 998 ἕκλειψισ
749 956 823 997 παρ’
851 956 942 997 αὐτῇ,
974 958 1025 987 καὶ
1049 958 1064 987 ὃ
1092 957 1197 993 νόσοσ,
1227 957 1320 986 τοῦτο
1344 957 1399 985 τοῦ
1423 955 1533 994 φωτὸσ
1559 955 1702 992 μείωσισ,

166 1011 328 1043 C.C.A.G.
362 1019 375 1041 1
402 1021 434 1052 p.
467 1011 527 1041 167
556 1010 619 1042 3-5
652 1010 684 1047 (ὴ
712 1010 813 1048 Τύχη)
843 1009 1082 1048 συγγενεστέρα
1109 1009 1179 1038 τοΐσ
1206 1006 1283 1046 τῇδε
1313 1007 1465 1045 πέφυκεν,
1491 1006 1628 1043 αὔξουσα
1654 1006 1706 1035 καὶ

165 1065 297 1100 μείουσα
330 1064 369 1093 τὰ
401 1063 588 1101 πράγματα,
623 1063 694 1092 ὅθεν
727 1063 779 1091 καὶ
810 1059 849 1100 τῇ
881 1061 1007 1099 Σελήνῃ
1034 1060 1132 1096 αὐτὴν
1161 1057 1317 1098 ᾠκείωσεν
1346 1058 1361 1089 ὁ
1389 1059 1556 1089 θειότατοσ
1584 1058 1706 1088 ereinuc

168 1116 300 1154 Ἐρμῆσ,
335 1113 416 1144 Isid.
450 1123 513 1144 n.r.
547 1114 567 1143 4
601 1113 615 1143 1
651 1112 748 1143 cuius
780 1111 926 1151 (Lunae)
955 1110 1069 1152 fiqura
1101 1109 1292 1150 plerumque
1327 1108 1428 1140 huius
1462 1108 1552 1139 uitae
1586 1117 1703 1138 cursus

166 1165 375 1205 intelleqitur,
407 1174 490 1205 quae
520 1164 593 1195 suis
624 1163 833 1195 incrementis
863 1162 961 1203 quasi
991 1162 1115 1193 mensis
1143 1161 1313 1201 peraqitur
1347 1170 1384 1192 ac
1420 1158 1703 1191 deminutionibus

166 1216 359 1249 certissimis
375 1215 580 1247 terminatur.

213 1273 277 1304 922
300 1270 388 1301 adde
406 1278 443 1301 Iv
459 1270 524 1301 443
538 1279 599 1309 per
614 1268 733 1300 sidera.

212 1327 275 1358 923
299 1335 341 1356 116
357 1323 526 1355 Martialis
543 1323 683 1364 quidem
700 1323 807 1354 uerba
823 1322 890 1354 huc
907 1322 1093 1363 pertinent,
1112 1330 1151 1352 rx
1168 1322 1210 1352 24
1228 1321 1246 1352 3
1264 1320 1340 1351 haec
1358 1319 1477 1351 mundi
1488 1319 1606 1360 facies,
1624 1319 1702 1350 haec

166 1379 244 1407 sunt
263 1375 359 1406 Iouis
375 1386 432 1406 ora
449 1375 566 1411 sereni,
584 1374 626 1405 de
644 1374 836 1405 Domitiani
852 1374 1000 1414 imagine
1018 1382 1219 1404 marmorea.

213 1433 276 1463 930
300 1430 388 1461 adde
406 1438 449 1460 111
466 1430 529 1460 679
546 1439 701 1460 auersum
717 1427 790 1464 LM,
808 1427 986 1459 aduersum
1003 1426 1040 1458 G.

211 1483 274 1514 938
298 1481 387 1512 adde
404 1489 416 1511 Ι
434 1481 497 1512 743
514 1490 613 1511 cursu
630 1479 754 1516 curuis,
773 1487 816 1510 ΠΙ
834 1479 896 1510 669
913 1489 1052 1510 uersura
1062 1477 1201 1519 fiquras.

212 1535 273 1566 941
298 1543 361 1574 pro
381 1532 388 1545 ⁶
403 1531 521 1573 Lydus
540 1534 664 1562 ostent.
685 1532 705 1562 9
723 1532 742 1562 6
758 1530 765 1543 '
784 1529 857 1571 lege
877 1530 883 1542 ‘
899 1529 940 1562 9b
957 1530 963 1542 '
984 1531 1030 1570 (p.
1050 1530 1092 1561 23
1110 1529 1296 1565 Wachsm.‚
1316 1528 1367 1559 ed.
1387 1529 1432 1567 2).

212 1587 295 1617 9372
319 1583 439 1616 C.G.L.
458 1591 481 1614 v
498 1593 530 1624 p.
552 1584 591 1613 14
608 1583 650 1614 29
666 1582 767 1618 cliua,
785 1591 914 1622 aspera,
933 1580 1093 1622 difficilia.

212 1638 275 1668 943
298 1635 405 1667 etiam
429 1634 635 1665 Rhetoriurn
658 1634 809 1674 primum
832 1632 1002 1674 templum
1025 1632 1193 1663 Mercurio
1217 1631 1367 1662 tribuere
1391 1633 1536 1671 apparet
1559 1641 1602 1662 ex
1632 1629 1704 1661 eius

166 1687 279 1719 uerbis
295 1686 456 1718 C.C.A.G.
475 1694 542 1716 VIII
561 1686 597 1716 iV
618 1695 650 1726 p.
671 1685 732 1717 132
753 1686 772 1716 5
793 1688 824 1716 ἐν
850 1686 883 1715 δὲ
907 1686 1006 1723 τούτῳ
1030 1683 1076 1723 τῷ
1099 1685 1185 1722 τόπῳ
1210 1685 1225 1714 ὀ
1248 1685 1303 1714 τοῦ
1327 1684 1442 1722 Ἑρμοῦ
1466 1683 1569 1722 χαίρει
1595 1683 1703 1721 παρών

167 1738 301 1770 collatis
329 1747 408 1769 oum
436 1748 468 1778 p.
501 1738 562 1768 152
591 1738 609 1768 7
638 1738 706 1768 ἔστι
736 1738 769 1767 δὲ
798 1736 828 1776 (ὁ
855 1737 1019 1775 πέμπτοσ)
1050 1736 1155 1766 τόποσ
1179 1734 1392 1774 Ἀφροδίτησ·
1422 1735 1525 1774 χαίρει
1552 1735 1616 1773 ’γὰρ
1644 1734 1709 1764 ε’κεῖ

167 1793 203 1822 et
227 1800 260 1831 p.
290 1791 348 1821 171
377 1790 397 1821 9
421 1799 470 1829 sq.
501 1790 515 1820 ὀ
540 1790 573 1819 δὲ
598 1789 795 1827 (ἑνδέκατοσ)
821 1789 924 1818 τόποσ
952 1789 1095 1818 καλεῖται
1120 1788 1209 1824 Διὸσ,
1236 1787 1347 1823 ἐπειδὴ
1372 1788 1403 1816 ἐν
1430 1787 1529 1824 τούτῳ
1553 1784 1597 1824 τῷ
1618 1785 1705 1824 τόπῳ

168 1844 271 1882 χαίρει
296 1842 404 1880 παρὼν
429 1841 444 1870 ὁ
473 1841 562 1870 Ζεύσ.
612 1842 765 1871 ceterum
790 1838 911 1879 templa
936 1838 1067 1880 plurale
1095 1848 1163 1869 non
1189 1847 1251 1878 pro
1279 1836 1409 1878 templo
1436 1838 1525 1876 τύπῳ
1552 1836 1706 1877 positum

168 1903 240 1924 esse
256 1892 316 1923 sed
332 1891 386 1923 dei
403 1891 519 1923 sedem
535 1890 725 1932 significare
746 1893 888 1932 propter
911 1889 1056 1922 Garrodi
1078 1889 1123 1920 ad
1147 1890 1210 1921 937
1234 1897 1382 1920 errorem
1402 1891 1437 1919 et
1457 1887 1703 1928 Wageningeni

168 1943 410 1975 credulitatem
425 1942 609 1973 dicendum
623 1945 685 1973 est.

214 1997 278 2028 944
301 1994 389 2025 adde
412 1994 478 2026 Cic.
504 1996 575 2034 top.
601 1994 621 2024 8
643 1996 731 2030 nota,
754 1993 849 2034 quod
870 1992 1064 2034 explicatur
1086 1992 1131 2023 ib.
1159 1993 1209 2028 10,
1234 1990 1368 2027 notatio,
1393 2001 1468 2021 cum
1490 2000 1529 2021 ex
1551 1989 1643 2021 uerbi
1664 1989 1703 2021 ui

169 2049 398 2086 arqumentum
423 2045 557 2084 aliquod
582 2044 722 2081 elicitur,
749 2044 806 2075 hoc
832 2043 955 2075 modo:
994 2054 1068 2075 cum
1094 2043 1145 2074 lex
1170 2042 1305 2074 assiduo
1332 2041 1501 2073 uindicem
1526 2040 1702 2072 assiduum

169 2108 237 2129 esse
257 2097 376 2133 iubeat,
397 2096 587 2136 locupletem
607 2095 693 2127 iubet
713 2094 867 2135 locupleti
882 2105 893 2132 ,·
925 2094 1068 2135 locuples
1088 2094 1178 2125 enim
1197 2097 1242 2125 est
1262 2093 1430 2130 assiduus,
1451 2096 1487 2123 ut
1506 2093 1554 2123 ait
1573 2091 1703 2129 Aelius,

170 2148 357 2189 appellatus
378 2147 417 2179 ab
438 2158 510 2179 aere
530 2146 649 2178 dando.
699 2147 799 2178 Ouid.
820 2147 902 2178 fast.
925 2155 962 2177 1v
984 2148 1021 2177 61
1046 2156 1095 2186 sq.
1118 2145 1174 2176 sed
1200 2145 1335 2177 Veneris
1356 2154 1500 2175 mensem
1521 2143 1703 2184 (Aprilem)

170 2199 270 2232 Graio
285 2209 431 2230 sermone
446 2202 594 2230 notatum
616 2197 619 2240 Ι
640 2208 784 2238 auyuror
804 2208 813 2229 :
841 2209 862 2229 a
877 2198 1008 2238 spumis
1024 2201 1069 2228 est
1084 2196 1144 2228 dea
1159 2196 1246 2228 dicta
1265 2196 1368 2227 maris
1385 2196 1597 2236 (Ἀφροδίτη).
1646 2194 1706 2226 sed

170 2250 359 2283 demendus
390 2253 442 2282 est
474 2249 749 2291 pseudoLuciani
779 2249 883 2286 locus,
918 2249 977 2280 ubi
1012 2251 1132 2286 σημήια
1167 2247 1337 2279 uocabula
1370 2250 1451 2278 sunt
1485 2257 1528 2278 ex
1562 2246 1705 2277 arbitrio

170 2303 342 2344 imposita.
391 2305 543 2333 ceterum
570 2301 736 2332 Iacobum
763 2300 964 2332 calumniati
991 2300 1129 2331 Ellisius
1156 2302 1247 2330 noct.
1276 2299 1367 2329 Man.
1396 2308 1428 2339 p.
1458 2299 1510 2334 76,
1538 2297 1704 2329 Webbius

171 2354 274 2386 Class.
294 2353 380 2385 Rev.
400 2364 454 2384 an.
477 2354 560 2385 1897
578 2363 635 2394 pp.
655 2353 718 2384 310
736 2362 799 2393 sq„
819 2352 1003 2388 Gan-oclus,
1023 2351 1212 2382 ostendunt
1229 2361 1264 2381 se
1282 2360 1343 2381 nec
1361 2353 1500 2381 textum
1516 2359 1578 2380 nec
1597 2348 1703 2380 adno-

170 2406 341 2437 tationem
364 2405 436 2436 eius
460 2407 595 2436 attente
618 2403 738 2445 legisse
761 2414 823 2435 nec
846 2404 983 2434 nouisse
1006 2413 1095 2444 quae
1119 2412 1230 2444 progr.
1257 2401 1383 2432 Lubec.
1409 2411 1464 2432 an.
1493 2401 1578 2432 1834
1602 2410 1635 2441 p.
1661 2400 1704 2431 26

171 2457 364 2497 scripserat,
382 2457 471 2487 sicut
488 2456 594 2487 etiam
612 2455 766 2486 Breitero
783 2455 902 2495 ignota
918 2457 1026 2486 erant.

216 2509 299 2540 945a
322 2516 364 2538 ΙΙΙ
381 2508 445 2538 538
462 2506 658 2543 inuentores,
678 2507 737 2537 681
757 2509 878 2537 auctor.

217 2572 301 2607 9351)
319 2574 367 2614 (p.
389 2574 465 2612 113)
485 2572 573 2604 adde
588 2581 610 2603 v
623 2574 642 2603 2
656 2561 674 2603 ἰν
687 2571 725 2609 G,
740 2573 803 2604 270
823 2561 865 2603 5'2'3'-
883 2571 919 2609 L,
938 2573 1000 2604 357
1019 2582 1037 2603 v
1050 2570 1087 2608 G,
1106 2560 1124 2603 ὖ
1140 2570 1176 2607 L,
1191 2572 1255 2602 539
1271 2570 1301 2601 l‘i
1314 2569 1348 2601 L.
1389 2579 1459 2600 una
1472 2570 1705 2600 coniecturam

171 2636 192 2656 a
214 2635 268 2656 me
290 2634 381 2656 anno
406 2625 489 2655 1903
512 2625 601 2655 inter
623 2627 753 2655 ceteras
769 2623 942 2664 prolatam
965 2623 1139 2654 Garrodus
1161 2633 1196 2653 se
1218 2632 1310 2653 anno
1333 2621 1413 2652 1911
1436 2630 1704 2661 praeoccupasse

171 2676 256 2707 dicit
286 2677 322 2707 in
351 2675 512 2707 Classical
541 2674 681 2706 Review
709 2685 763 2706 an.
797 2675 880 2706 1913
909 2685 941 2716 p.
974 2675 1047 2711 135,
1077 2674 1131 2705 cui
1160 2673 1480 2715 praeoccupationis
1505 2672 1619 2712 generi
1645 2671 1704 2702 diu

171 2727 336 2759 adsuetus
352 2737 439 2758 sum.

218 2780 281 2811 946
304 2788 354 2818 sq.
386 2786 428 2808 111
460 2779 520 2809 131
551 2787 601 2818 sq.
634 2787 743 2808 nonus
770 2776 860 2808 locus
887 2780 1023 2818 occupat
1050 2786 1179 2807 omnem
1201 2774 1205 2819 Ι
1224 2778 1398 2816 qnatorum
1424 2777 1540 2806 sortem
1571 2773 1707 2805 dubiam

170 2830 359 2871 patriosque
376 2829 516 2861 timores.
