1855 3088
168 118 222 158 38
758 114 820 158 M.
852 113 1103 158 MANILII

381 229 454 270 sed
474 232 594 283 parte
614 233 768 270 octaua
788 232 1028 283 surgentem
1048 242 1169 269 cerne
1189 227 1399 283 Sagittam

327 303 562 345 Chelarum.
621 302 742 344 dabit
762 308 805 344 et
824 302 1009 344 iaculum
1027 307 1223 358 torquere
1243 302 1408 344 lacertis

203 385 272 417 295
327 382 371 419 et
390 378 602 419 calamum
620 377 760 419 neruis
779 377 948 432 glaebas
968 381 1011 418 et
1030 376 1199 418 mittere
1218 377 1346 431 uirgis

328 452 668 507 pendentemque
687 466 762 493 suo
782 451 997 493 uolucrem
1016 451 1271 506 deprendere
1291 451 1405 493 caelo

328 526 500 581 cuspide
519 526 587 568 uel
606 526 761 581 triplici
781 540 974 567 securum
992 526 1117 580 figere
1136 526 1306 580 piscem.

329 601 444 656 quod
463 601 605 655 potius
625 600 813 642 dederim
833 600 992 642 Teucro
1012 600 1181 641 sidusue
1200 614 1384 655 genusue

328 680 439 725 teue,
461 674 709 725 Philoctete,
731 674 798 716 cui
818 674 964 716 malim
982 675 1148 716 credere
1168 674 1280 730 parti
1300 675 1315 716 2

204 757 273 789 300
327 749 525 792 Hectoris
543 749 611 791 ille
631 749 744 791 faces
763 764 863 792 arcu
881 749 1138 805 taedamque
1157 749 1323 805 fugauit

168 879 238 911 n.h.
267 888 307 911 IX
335 880 398 912 105
421 889 546 920 parum
571 883 617 911 est
642 879 713 911 nisi
737 879 796 920 qui
820 879 988 911 uescimur
1010 878 1172 920 periculis
1197 878 1297 911 etiam
1322 878 1515 911 uestiamur.
1563 879 1599 910 in
1624 888 1707 910 auro

166 932 319 972 repetito
351 934 510 962 mutatur
542 933 662 963 θέσεωσ
693 934 729 962 et
759 933 886 972 ἄρσεωσ
916 931 1007 962 ratio
1038 933 1079 962 ut
1109 939 1148 961 IV
1177 931 1239 962 261
1273 930 1368 962 terris
1386 955 1393 961 .
1414 955 1421 961 .
1441 955 1448 962 .
1467 930 1573 967 terris,
1604 929 1705 962 Ouid.

168 983 239 1014 her.
265 991 290 1013 Χ
312 984 354 1013 57
378 982 473 1014 ambo
491 1006 497 1013 .
518 1006 525 1014 .
546 1007 552 1014 .
571 982 677 1019 ambo,
702 982 799 1014 anth.
825 982 902 1013 Lat.
927 982 1019 1013 Ries.
1045 983 1109 1014 405
1133 983 1153 1013 5
1176 981 1271 1013 ‘nobis
1290 1006 1296 1013 .
1317 1006 1323 1013 .
1344 1006 1351 1013 .
1369 981 1464 1013 nobis
1555 983 1709 1015 293—338

169 1044 249 1065 cum
280 1033 385 1065 Libra
416 1034 574 1071 orientia,
606 1033 744 1076 Sagitta
774 1033 918 1065 Haedus
949 1034 1074 1065 tertius
1105 1033 1197 1074 Lyra
1289 1035 1442 1066 293—310
1472 1043 1552 1065 cum
1583 1036 1710 1065 octaua

170 1085 294 1116 Librae
309 1088 409 1127 parte
424 1086 534 1116 oritur
548 1084 686 1126 Sagitta
778 1087 931 1118 294-310
944 1085 1031 1116 facit
1045 1084 1182 1126 Sagitta
1197 1085 1395 1125 sagittarios
1410 1087 1445 1116 et
1459 1084 1664 1117 iaculatores

261 1138 325 1170 294
343 1147 406 1178 pro
425 1140 454 1167 et
473 1136 652 1168 Bentleius
672 1136 760 1174 haec,
778 1136 874 1177 quod
892 1137 999 1168 etiam
1018 1136 1219 1167 Reinesium
1236 1135 1324 1168 Scal.
1342 1136 1394 1167 ed.
1414 1137 1433 1168 3
1450 1147 1483 1177 p.
1501 1137 1544 1167 22
1561 1136 1711 1169 uoluisse

170 1191 269 1229 puto.
318 1187 518 1229 Pingraeus,
545 1198 625 1219 cum
650 1188 819 1219 traditam
845 1187 1029 1219 lectionem
1055 1190 1091 1219 et
1116 1188 1266 1219 retineat
1291 1190 1326 1218 et
1351 1187 1417 1219 sibi
1442 1188 1551 1229 magis
1576 1187 1712 1229 placere

170 1239 388 1281 profiteatur,
420 1243 539 1270 tamen
569 1240 822 1280 interpretatur
852 1238 1105 1275 Bentkianam,
1137 1249 1244 1280 quam
1274 1239 1347 1280 ipse
1376 1239 1486 1280 probo
1576 1238 1712 1271 lacertis

172 1289 274 1329 GLM,
296 1289 352 1322 uel
372 1290 504 1331 sagittis
525 1290 605 1322 add.
627 1290 653 1322 L
746 1293 810 1324 295
829 1290 960 1330 qlaebas
980 1293 1018 1321 et.
1066 1300 1144 1321 raro
1165 1290 1260 1331 apud
1279 1290 1371 1322 hunc
1391 1293 1533 1332 poetam
1553 1290 1712 1332 exemplo

171 1343 371 1375 coniunctio
396 1342 473 1373 ideo
500 1342 724 1383 postponitur
749 1352 792 1373 ne
817 1345 964 1382 quartus
990 1352 1050 1383 pes
1076 1352 1160 1373 uoce
1186 1341 1375 1383 spondiaca
1401 1345 1559 1374 constet:
1598 1342 1650 1374 ita
1674 1351 1713 1374 IV

174 1394 238 1425 353
259 1397 371 1433 partes
393 1397 432 1430 et,
456 1397 578 1425 contra
600 1402 614 1424 1
636 1395 697 1425 771
723 1396 752 1425 et
773 1393 915 1430 strictas,
938 1402 967 1424 11
990 1394 1053 1424 645
1076 1396 1104 1424 et
1126 1393 1227 1430 uires,
1250 1401 1288 1424 IV
1310 1394 1375 1425 219
1397 1396 1426 1425 et
1447 1393 1560 1425 sulcis.
1608 1393 1713 1425 semel

174 1453 187 1475 1
203 1446 268 1476 473
284 1455 353 1481 nec,
371 1453 384 1475 1
401 1446 462 1476 531
482 1444 549 1482 sed,
566 1455 760 1485 numquam
777 1444 830 1476 uel
851 1448 909 1476 aut
932 1455 970 1476 ac
989 1448 1085 1484 atque
1103 1444 1189 1485 quod
1207 1444 1288 1485 quia
1309 1455 1389 1476 nam
1409 1444 1440 1476 si
1459 1444 1531 1476 nisi
1550 1444 1647 1476 illam
1667 1445 1712 1477 ob

174 1506 316 1527 causam
333 1496 401 1528 huc
419 1496 666 1533 detruduntur,
686 1506 776 1537 quae
792 1495 870 1537 plus
886 1496 1011 1537 uiginti
1028 1495 1194 1537 exemplis
1211 1506 1312 1527 suum
1328 1495 1443 1528 locum
1458 1497 1620 1528 retinent.
1667 1496 1712 1528 ab

174 1557 298 1579 norma
315 1547 447 1579 recedit
466 1558 553 1584 cum,
573 1547 681 1579 libero
701 1551 826 1589 poetae
847 1547 991 1579 arbitrio
1007 1551 1132 1588 quater
1153 1551 1236 1579 ante
1256 1547 1461 1588 spondeum,
1479 1548 1615 1580 deciens
1633 1551 1715 1590 post

173 1598 383 1630 collocatum
473 1598 604 1639 ylaebas
638 1599 763 1630 mittere
795 1599 913 1639 uirqis.
962 1598 1084 1640 glaeba
1117 1602 1230 1630 terrae
1262 1598 1369 1630 flexili
1401 1599 1518 1630 hastili
1550 1600 1716 1640 imposita

174 1660 284 1691 eoque
307 1651 442 1691 agitato
465 1661 610 1681 excussa
633 1651 718 1681 satis
741 1650 841 1691 longe
864 1653 900 1681 et
922 1650 1087 1681 uelociter
1110 1650 1204 1681 mitti
1227 1653 1355 1691 potest,
1379 1653 1415 1682 et
1437 1651 1487 1682 ita
1510 1651 1652 1691 quidem
1674 1654 1716 1682 ut

176 1701 361 1739 eollinees;
395 1701 535 1742 qualem
552 1705 663 1733 artem
684 1712 739 1732 me
759 1712 906 1742 puerum
927 1702 1081 1732 inuenire
1102 1701 1243 1732 memini
1263 1712 1325 1732 nec
1346 1712 1480 1743 semper
1500 1701 1715 1734 destinatum

176 1763 247 1784 non
263 1752 375 1790 ferire,
393 1753 465 1784 siue
485 1753 513 1784 is
535 1752 644 1784 frater
665 1753 738 1784 siue
760 1763 855 1784 soror
870 1753 948 1784 fuit.
996 1752 1127 1792 ylaebas
1142 1753 1334 1784 necessario
1350 1756 1504 1784 terrenas
1520 1763 1593 1785 esse
1609 1754 1717 1785 sensit

177 1804 364 1841 Breiterus,
395 1805 450 1835 cui
478 1808 608 1835 temere
637 1804 821 1835 oblocutus
850 1803 1056 1835 Skutschius
1085 1814 1201 1845 opusc..
1233 1814 1266 1845 p.
1296 1805 1361 1835 422
1390 1804 1478 1835 uisci
1505 1804 1718 1845 qrandiculos

176 1855 284 1896 globos
313 1856 565 1896 interpretatur
593 1855 720 1896 quibus
748 1856 784 1886 in
812 1855 939 1886 fundas
968 1855 1088 1887 inditis
1116 1866 1152 1886 se
1180 1854 1277 1886 miles
1306 1854 1488 1887 Plautinus
1517 1855 1621 1888 Poen.
1651 1858 1713 1888 481

179 1907 336 1939 homines
353 1907 523 1938 uolaticos
540 1906 731 1938 iaculatum
748 1917 820 1938 esse
837 1907 1016 1938 mentitur.
1065 1909 1103 1938 at
1119 1917 1232 1947 neque
1248 1906 1335 1938 uisci
1351 1908 1551 1948 genetiuum
1568 1908 1718 1949 supponi

179 1958 260 1990 licet
277 1968 390 1999 neque
407 1958 582 1989 iaciebant
599 1959 734 1989 uiscum
751 1968 839 1999 quos
851 1958 1018 1989 Manetho
1031 1967 1068 1989 IV
1082 1959 1146 1990 243
1165 1960 1333 1999 ἰξοβὸλουσ
1352 1960 1546 1999 δολοεργούσ
1563 1959 1718 2000 appellat

180 2020 332 2051 aucupes
352 2010 412 2041 sed
431 2010 567 2041 uiscata
586 2010 685 2050 uirga
704 2020 805 2041 auem
825 2009 1030 2051 tangebant,
1051 2020 1121 2050 qua
1141 2009 1183 2041 de
1202 2020 1238 2041 re
1258 2013 1492 2051 exposuerunt
1513 2010 1551 2042 O.
1573 2010 1717 2042 Iahnius

179 2062 215 2092 in
229 2061 498 2102 Mittheilungen
513 2061 545 2092 d.
562 2062 696 2101 antiqu.
714 2061 898 2093 Gesellsch.
915 2062 950 2092 in
966 2061 1091 2092 Ziirich
1107 2060 1175 2092 uol.
1190 2070 1254 2091 xrv
1266 2071 1298 2102 p.
1316 2062 1378 2093 109
1391 2062 1475 2101 (19),
1488 2061 1532 2092 K.
1547 2061 1718 2094 Zacherus

181 2112 300 2143 Herm.
327 2123 382 2143 an.
412 2114 508 2149 1884,
533 2123 591 2154 pp.
618 2113 740 2149 432-6,
767 2112 805 2144 Ο.
833 2112 971 2144 Crusius
995 2112 1041 2143 ib.
1068 2123 1122 2143 an.
1152 2113 1237 2143 1886
1261 2123 1318 2153 pp.
1345 2113 1488 2149 487-90,
1514 2113 1541 2144 Ι.
1567 2113 1720 2145 Meskius

183 2163 273 2195 Berl.
300 2163 384 2205 phil.
412 2164 531 2196 Woch.
560 2174 615 2195 an.
646 2165 731 2195 1908
756 2174 814 2205 pp.
843 2165 969 2201 221-4;
1009 2163 1100 2195 illius
1127 2167 1246 2195 autem
1273 2164 1358 2195 artis
1385 2164 1516 2195 mentio
1543 2175 1614 2196 non
1643 2168 1719 2197 tam

180 2215 337 2256 Sagittae
362 2218 398 2246 et
423 2215 502 2246 huic
528 2215 603 2246 loco
628 2225 735 2256 quam
761 2215 917 2246 uersibus
943 2216 1006 2247 372
1033 2225 1083 2256 sq.
1111 2215 1322 2246 conueniret.
1369 2215 1591 2256 impudenter
1614 2216 1720 2258 uulgo

179 2266 311 2306 ylaebas
338 2265 480 2307 glandes
508 2266 701 2307 plumbeas,
729 2266 844 2306 uiryas
871 2267 1001 2307 partim
1027 2266 1155 2298 fundas
1181 2267 1310 2307 partim
1338 2267 1484 2307 sagittas
1511 2271 1675 2300 enarrant

272 2319 336 2350 296
353 2317 557 2358 deprendere
574 2317 650 2355 GM,
668 2317 855 2358 dependere
872 2317 908 2349 L.
956 2317 1105 2358 Scaliger
1122 2317 1244 2349 attulit
1261 2317 1319 2349 Sil.
1339 2326 1403 2348 xvi
1420 2319 1484 2349 565
1501 2328 1552 2359 sq.
1571 2318 1722 2351 uoluere-s

181 2393 188 2400 .
209 2393 216 2400 .
237 2392 244 2400 .
263 2379 369 2409 uaqas
405 2369 601 2409 deprendere
638 2369 723 2400 nube
745 2367 749 2412 Ι
769 2373 921 2400 assuetus
958 2369 1079 2400 iaculis
1171 2371 1235 2402 298
1270 2368 1383 2410 potius
1419 2369 1579 2410 Scaliger,
1615 2370 1722 2403 totius

183 2420 261 2451 libri
337 2422 456 2452 teucro
472 2420 562 2451 Flor.
581 2423 617 2451 et
635 2420 734 2451 Bodl.
754 2423 789 2451 et
805 2421 841 2451 in
857 2420 882 2452 L
900 2431 991 2451 man.
1009 2431 1089 2457 rec.,
1105 2419 1231 2452 tecicro
1251 2419 1316 2458 GL,
1333 2421 1470 2461 tocycro
1486 2420 1522 2452 M
1598 2423 1662 2455 299
1677 2431 1722 2454 ue

183 2470 249 2509 GL,
277 2479 321 2502 ne
347 2471 383 2502 M
473 2471 650 2502 Philoctete
677 2475 718 2502 ut
746 2471 846 2503 Ouid.
876 2475 958 2503 met.
988 2481 1058 2502 xm
1085 2472 1149 2504 329
1176 2474 1212 2503 et
1241 2473 1343 2510 Αἱήτη
1374 2472 1468 2512 apud
1498 2472 1721 2513 Apollonium

184 2522 362 2554 Rhodium
453 2522 573 2554 malim
602 2522 654 2561 L2,
686 2522 819 2554 mallim
849 2522 915 2561 GL,
946 2522 1091 2554 mallum
1120 2522 1157 2554 M
1247 2523 1303 2554 cui
1330 2523 1423 2563 parti
1453 2523 1584 2555 zodiaci
1613 2534 1720 2565 quam

185 2573 368 2606 Chelarum
392 2576 539 2605 octauae
562 2577 590 2604 te
613 2574 738 2605 credere
761 2574 890 2611 malim,
914 2575 979 2606 hoc
1003 2577 1056 2606 est
1079 2585 1099 2606 a
1122 2584 1193 2615 qua
1216 2577 1316 2615 parte
1339 2577 1455 2606 ortum
1479 2575 1626 2612 credere,
1650 2586 1720 2608 non

185 2625 343 2656 dissimili
364 2625 536 2656 breuitate
557 2625 691 2656 dictum
712 2636 751 2656 ac
775 2634 813 2656 IV
834 2626 898 2658 933
922 2625 1052 2657 homini
1074 2625 1211 2657 diuinos
1234 2625 1358 2657 credere
1381 2626 1478 2657 uisus
1569 2629 1634 2659 300
1657 2629 1720 2661 301

186 2677 290 2708 Hom.
313 2676 353 2708 Il.
375 2685 443 2708 vm
461 2677 626 2713 266—334,
647 2685 697 2707 xv
716 2677 847 2708 436-85
940 2679 1003 2710 300
1027 2686 1109 2709 arcu
1129 2676 1231 2715 GLM,
1256 2686 1355 2708 arcus
1379 2679 1412 2709 et
1434 2676 1486 2715 L2,
1510 2677 1602 2709 unde
1625 2688 1723 2710 arcus

186 2731 215 2759 et
227 2728 290 2759 tela
303 2728 377 2759 cod.
393 2728 549 2759 Cusanus
639 2727 777 2759 taedam
790 2728 820 2766 *‚
832 2727 902 2759 tela
913 2728 950 2767 L,
963 2728 1071 2760 telum
1083 2728 1129 2767 M,
1143 2731 1183 2760 ut
1196 2729 1230 2759 in
1243 2728 1433 2769 archetypo
1445 2729 1550 2760 fuisse
1562 2729 1724 2761 uideatur

188 2779 297 2817 telam,
315 2779 383 2811 telo
402 2778 430 2811 G
447 2782 589 2820 propter
607 2789 697 2816 arcu,
716 2790 779 2820 pro
797 2789 867 2820 quo
885 2780 967 2821 poni
986 2780 1155 2817 debuisse,
1174 2780 1269 2820 quod
1287 2779 1436 2821 Scaliger
1452 2780 1505 2811 ed.
1528 2781 1541 2811 1
1564 2781 1722 2819 coniecit,

188 2831 261 2863 telis
281 2832 388 2863 sensit
408 2831 586 2863 Bentleius
605 2831 777 2872 innitique
797 2831 988 2863 ostendunt
1006 2832 1066 2872 qui
1086 2832 1116 2863 ei
1136 2831 1366 2863 aduersantur
1385 2830 1572 2863 Doruillius
1592 2831 1722 2866 Charit.
