<?xml version="1.0" encoding="UTF-8"?>
<!DOCTYPE html PUBLIC "-//W3C//DTD XHTML 1.0 Transitional//EN"
    "http://www.w3.org/TR/xhtml1/DTD/xhtml1-transitional.dtd">
<html xmlns="http://www.w3.org/1999/xhtml" xml:lang="en" lang="en">
 <head>
  <title>
</title>
<meta http-equiv="Content-Type" content="text/html;charset=utf-8" />
  <meta name='ocr-system' content='tesseract 3.04.00' />
  <meta name='ocr-capabilities' content='ocr_page ocr_carea ocr_par ocr_line ocrx_word'/>
</head>
<body>
  <div class='ocr_page' id='page_1' title='image "astronomiconrece05maniuoft_0090.png"; bbox 0 0 1855 3088; ppageno 0'>
   <div class='ocr_carea' id='block_1_1' title="bbox 217 84 1152 131">
    <p class='ocr_par' dir='ltr' id='par_1_1' title="bbox 217 84 1152 131">
     <span class='ocr_line' id='line_1_1' title="bbox 217 84 1152 131; baseline -0.004 -1"><span class='ocrx_word' id='word_1_1' title='bbox 217 92 270 131; x_wconf 84' lang='lat'>34</span> <span class='ocrx_word' id='word_1_2' title='bbox 808 86 868 127; x_wconf 90' lang='lat' dir='ltr'>M.</span> <span class='ocrx_word' id='word_1_3' title='bbox 902 84 1152 127; x_wconf 89' lang='lat' dir='ltr'>MANILII</span> 
     </span>
    </p>
   </div>
   <div class='ocr_carea' id='block_1_2' title="bbox 249 196 1696 849">
    <p class='ocr_par' dir='ltr' id='par_1_2' title="bbox 249 196 1696 849">
     <span class='ocr_line' id='line_1_2' title="bbox 249 196 1417 253; baseline 0 -15"><span class='ocrx_word' id='word_1_4' title='bbox 249 208 317 239; x_wconf 83' lang='lat'>256</span> <span class='ocrx_word' id='word_1_5' title='bbox 372 200 439 242; x_wconf 90' lang='lat' dir='ltr'>ille</span> <span class='ocrx_word' id='word_1_6' title='bbox 459 199 568 241; x_wconf 87' lang='lat' dir='ltr'>colet</span> <span class='ocrx_word' id='word_1_7' title='bbox 586 198 731 240; x_wconf 86' lang='lat' dir='ltr'>nitidis</span> <span class='ocrx_word' id='word_1_8' title='bbox 750 202 1036 253; x_wconf 84' lang='lat' dir='ltr'>gemmantem</span> <span class='ocrx_word' id='word_1_9' title='bbox 1054 196 1226 238; x_wconf 87' lang='lat' dir='ltr'>floribus</span> <span class='ocrx_word' id='word_1_10' title='bbox 1245 196 1417 239; x_wconf 86' lang='lat' dir='ltr'>hortum</span> 
     </span>
     <span class='ocr_line' id='line_1_3' title="bbox 250 271 1512 328; baseline -0.001 -15"><span class='ocrx_word' id='word_1_11' title='bbox 250 282 319 313; x_wconf 79' lang='lat'>260</span> <span class='ocrx_word' id='word_1_12' title='bbox 374 274 693 328; x_wconf 89' lang='lat' dir='ltr'>caeruleumque</span> <span class='ocrx_word' id='word_1_13' title='bbox 713 273 813 314; x_wconf 89' lang='lat' dir='ltr'>oleis</span> <span class='ocrx_word' id='word_1_14' title='bbox 831 271 1063 313; x_wconf 86' lang='lat' dir='ltr'>uiridemue</span> <span class='ocrx_word' id='word_1_15' title='bbox 1082 272 1126 313; x_wconf 90' lang='lat' dir='ltr'>in</span> <span class='ocrx_word' id='word_1_16' title='bbox 1145 271 1331 326; x_wconf 86' lang='lat' dir='ltr'>gramine</span> <span class='ocrx_word' id='word_1_17' title='bbox 1350 271 1512 314; x_wconf 89' lang='lat' dir='ltr'>collem.</span> 
     </span>
     <span class='ocr_line' id='line_1_4' title="bbox 251 345 1315 403; baseline 0 -16"><span class='ocrx_word' id='word_1_18' title='bbox 251 357 318 387; x_wconf 89' lang='lat'>257</span> <span class='ocrx_word' id='word_1_19' title='bbox 374 349 578 403; x_wconf 84' lang='lat' dir='ltr'>pallentes</span> <span class='ocrx_word' id='word_1_20' title='bbox 596 347 730 389; x_wconf 86' lang='lat' dir='ltr'>uiolas</span> <span class='ocrx_word' id='word_1_21' title='bbox 749 352 793 388; x_wconf 91' lang='lat' dir='ltr'>et</span> <span class='ocrx_word' id='word_1_22' title='bbox 811 360 1043 401; x_wconf 88' lang='lat' dir='ltr'>purpureos</span> <span class='ocrx_word' id='word_1_23' title='bbox 1062 345 1315 400; x_wconf 75' lang='lat' dir='ltr'>hyacinthos</span> 
     </span>
     <span class='ocr_line' id='line_1_5' title="bbox 374 421 1325 477; baseline -0.003 -13"><span class='ocrx_word' id='word_1_24' title='bbox 374 423 544 477; x_wconf 87' lang='lat' dir='ltr'>liliaque</span> <span class='ocrx_word' id='word_1_25' title='bbox 564 427 607 464; x_wconf 93' lang='lat' dir='ltr'>et</span> <span class='ocrx_word' id='word_1_26' title='bbox 627 421 773 476; x_wconf 88' lang='lat' dir='ltr'>Tyrias</span> <span class='ocrx_word' id='word_1_27' title='bbox 792 421 961 462; x_wconf 84' lang='lat' dir='ltr'>imitata</span> <span class='ocrx_word' id='word_1_28' title='bbox 980 435 1194 475; x_wconf 88' lang='lat' dir='ltr'>papauera</span> <span class='ocrx_word' id='word_1_29' title='bbox 1213 421 1325 462; x_wconf 89' lang='lat' dir='ltr'>luces</span> 
     </span>
     <span class='ocr_line' id='line_1_6' title="bbox 375 494 1452 551; baseline -0.004 -12"><span class='ocrx_word' id='word_1_30' title='bbox 375 497 675 551; x_wconf 87' lang='lat' dir='ltr'>uernantisque</span> <span class='ocrx_word' id='word_1_31' title='bbox 693 510 812 537; x_wconf 88' lang='lat' dir='ltr'>rosae</span> <span class='ocrx_word' id='word_1_32' title='bbox 830 495 1065 537; x_wconf 89' lang='lat' dir='ltr'>rubicundo</span> <span class='ocrx_word' id='word_1_33' title='bbox 1085 495 1286 549; x_wconf 83' lang='lat' dir='ltr'>sanguine</span> <span class='ocrx_word' id='word_1_34' title='bbox 1306 494 1452 536; x_wconf 89' lang='lat' dir='ltr'>florem</span> 
     </span>
     <span class='ocr_line' id='line_1_7' title="bbox 253 569 1292 624; baseline 0 -14"><span class='ocrx_word' id='word_1_35' title='bbox 253 580 318 611; x_wconf 86' lang='grc'>261</span> <span class='ocrx_word' id='word_1_36' title='bbox 376 576 565 613; x_wconf 90' lang='lat' dir='ltr'>conseret</span> <span class='ocrx_word' id='word_1_37' title='bbox 585 576 628 612; x_wconf 86' lang='lat' dir='ltr'>et</span> <span class='ocrx_word' id='word_1_38' title='bbox 647 570 756 611; x_wconf 87' lang='lat' dir='ltr'>ueris</span> <span class='ocrx_word' id='word_1_39' title='bbox 776 570 975 624; x_wconf 82' lang='lat' dir='ltr'>depinget</span> <span class='ocrx_word' id='word_1_40' title='bbox 993 574 1117 624; x_wconf 86' lang='lat' dir='ltr'>prata</span> <span class='ocrx_word' id='word_1_41' title='bbox 1137 569 1292 624; x_wconf 85' lang='lat' dir='ltr'>figuris.</span> 
     </span>
     <span class='ocr_line' id='line_1_8' title="bbox 377 643 1314 698; baseline -0.003 -11"><span class='ocrx_word' id='word_1_42' title='bbox 377 651 453 687; x_wconf 89' lang='lat' dir='ltr'>aut</span> <span class='ocrx_word' id='word_1_43' title='bbox 472 646 611 687; x_wconf 89' lang='lat' dir='ltr'>uarios</span> <span class='ocrx_word' id='word_1_44' title='bbox 630 649 773 686; x_wconf 88' lang='lat' dir='ltr'>nectet</span> <span class='ocrx_word' id='word_1_45' title='bbox 792 644 912 686; x_wconf 87' lang='lat' dir='ltr'>flores</span> <span class='ocrx_word' id='word_1_46' title='bbox 932 644 1136 698; x_wconf 87' lang='lat' dir='ltr'>sertisque</span> <span class='ocrx_word' id='word_1_47' title='bbox 1156 643 1314 685; x_wconf 89' lang='lat' dir='ltr'>locabit</span> 
     </span>
     <span class='ocr_line' id='line_1_9' title="bbox 254 718 1358 775; baseline 0 -16"><span class='ocrx_word' id='word_1_48' title='bbox 254 727 338 760; x_wconf 78' lang='lat' dir='ltr'>263a</span> <span class='ocrx_word' id='word_1_49' title='bbox 377 721 638 775; x_wconf 85' lang='lat' dir='ltr'>ecfingetque</span> <span class='ocrx_word' id='word_1_50' title='bbox 658 734 782 761; x_wconf 90' lang='lat' dir='ltr'>suum</span> <span class='ocrx_word' id='word_1_51' title='bbox 801 719 915 760; x_wconf 88' lang='lat' dir='ltr'>sidus</span> <span class='ocrx_word' id='word_1_52' title='bbox 936 718 1173 773; x_wconf 82' lang='lat' dir='ltr'>similesque</span> <span class='ocrx_word' id='word_1_53' title='bbox 1192 732 1358 759; x_wconf 77' lang='lat' dir='ltr'>coronas</span> 
     </span>
     <span class='ocr_line' id='line_1_10' title="bbox 377 788 1696 849; baseline -0.003 -12"><span class='ocrx_word' id='word_1_54' title='bbox 377 796 600 837; x_wconf 73' lang='lat' dir='ltr'>Cnosiacae</span> <span class='ocrx_word' id='word_1_55' title='bbox 608 793 737 849; x_wconf 72' lang='lat' dir='ltr'>faciet</span> <span class='ocrx_word' id='word_1_56' title='bbox 754 808 769 842; x_wconf 94' lang='lat'>‚·</span> <span class='ocrx_word' id='word_1_57' title='bbox 803 793 1055 848; x_wconf 78' lang='lat' dir='ltr'><em>calamosque</em></span> <span class='ocrx_word' id='word_1_58' title='bbox 1073 792 1117 834; x_wconf 89' lang='lat' dir='ltr'>in</span> <span class='ocrx_word' id='word_1_59' title='bbox 1136 797 1288 834; x_wconf 89' lang='lat' dir='ltr'>mutua</span> <span class='ocrx_word' id='word_1_60' title='bbox 1307 806 1470 847; x_wconf 88' lang='lat' dir='ltr'>pressos</span> <span class='ocrx_word' id='word_1_61' title='bbox 1609 788 1696 829; x_wconf 76' lang='lat'><strong>263¹³</strong></span> 
     </span>
    </p>
   </div>
   <div class='ocr_carea' id='block_1_3' title="bbox 215 942 1769 2834">
    <p class='ocr_par' dir='ltr' id='par_1_3' title="bbox 215 942 1769 2834">
     <span class='ocr_line' id='line_1_11' title="bbox 215 942 1752 990; baseline -0.005 -9"><span class='ocrx_word' id='word_1_62' title='bbox 215 951 336 990; x_wconf 81' lang='grc' dir='ltr'>ἄνδρασ</span> <span class='ocrx_word' id='word_1_63' title='bbox 427 949 492 981; x_wconf 89' lang='grc'>256</span> <span class='ocrx_word' id='word_1_64' title='bbox 515 947 570 979; x_wconf 84' lang='lat' dir='ltr'>ille</span> <span class='ocrx_word' id='word_1_65' title='bbox 592 947 653 988; x_wconf 90' lang='lat' dir='ltr'>qui</span> <span class='ocrx_word' id='word_1_66' title='bbox 678 946 812 978; x_wconf 84' lang='lat' dir='ltr'>Corona</span> <span class='ocrx_word' id='word_1_67' title='bbox 838 948 943 978; x_wconf 85' lang='lat' dir='ltr'>natus</span> <span class='ocrx_word' id='word_1_68' title='bbox 970 945 1059 977; x_wconf 89' lang='lat' dir='ltr'>erit:</span> <span class='ocrx_word' id='word_1_69' title='bbox 1096 945 1177 976; x_wconf 89' lang='lat' dir='ltr'>uide</span> <span class='ocrx_word' id='word_1_70' title='bbox 1199 946 1276 982; x_wconf 87' lang='lat'>318,</span> <span class='ocrx_word' id='word_1_71' title='bbox 1299 945 1376 982; x_wconf 85' lang='lat'>332,</span> <span class='ocrx_word' id='word_1_72' title='bbox 1400 945 1476 981; x_wconf 88' lang='grc'><strong>527,</strong></span> <span class='ocrx_word' id='word_1_73' title='bbox 1501 944 1561 975; x_wconf 92' lang='grc'>701</span> <span class='ocrx_word' id='word_1_74' title='bbox 1588 945 1624 974; x_wconf 91' lang='lat' dir='ltr'>et</span> <span class='ocrx_word' id='word_1_75' title='bbox 1646 942 1692 974; x_wconf 87' lang='lat' dir='ltr'>ad</span> <span class='ocrx_word' id='word_1_76' title='bbox 1714 950 1752 973; x_wconf 88' lang='lat' dir='ltr'>1v</span> 
     </span>
     <span class='ocr_line' id='line_1_12' title="bbox 216 993 1753 1037; baseline -0.005 -5"><span class='ocrx_word' id='word_1_77' title='bbox 216 1002 280 1033; x_wconf 95' lang='lat'>510</span> <span class='ocrx_word' id='word_1_78' title='bbox 307 1000 479 1031; x_wconf 83' lang='lat' dir='ltr'>adnotata</span> <span class='ocrx_word' id='word_1_79' title='bbox 570 1000 634 1031; x_wconf 89' lang='grc'>260</span> <span class='ocrx_word' id='word_1_80' title='bbox 660 998 774 1029; x_wconf 83' lang='grc'>11111105</span> <span class='ocrx_word' id='word_1_81' title='bbox 800 997 912 1029; x_wconf 87' lang='grc'>0110110</span> <span class='ocrx_word' id='word_1_82' title='bbox 938 996 1013 1028; x_wconf 89' lang='grc'>1000</span> <span class='ocrx_word' id='word_1_83' title='bbox 1040 999 1122 1028; x_wconf 86' lang='lat' dir='ltr'>ante</span> <span class='ocrx_word' id='word_1_84' title='bbox 1149 998 1212 1029; x_wconf 83' lang='grc'>257</span> <span class='ocrx_word' id='word_1_85' title='bbox 1238 996 1338 1037; x_wconf 90' lang='lat' dir='ltr'>posui</span> <span class='ocrx_word' id='word_1_86' title='bbox 1353 1007 1361 1033; x_wconf 90' lang='lat'>;</span> <span class='ocrx_word' id='word_1_87' title='bbox 1401 1005 1483 1027; x_wconf 83' lang='lat' dir='ltr'>nam</span> <span class='ocrx_word' id='word_1_88' title='bbox 1509 994 1571 1026; x_wconf 91' lang='lat' dir='ltr'>ubi</span> <span class='ocrx_word' id='word_1_89' title='bbox 1596 995 1632 1025; x_wconf 89' lang='lat' dir='ltr'>in</span> <span class='ocrx_word' id='word_1_90' title='bbox 1657 993 1753 1024; x_wconf 86' lang='lat' dir='ltr'>libris</span> 
     </span>
     <span class='ocr_line' id='line_1_13' title="bbox 215 1044 1756 1090; baseline -0.005 -7"><span class='ocrx_word' id='word_1_91' title='bbox 215 1055 316 1083; x_wconf 79' lang='lat' dir='ltr'>extat</span> <span class='ocrx_word' id='word_1_92' title='bbox 333 1051 392 1082; x_wconf 87' lang='lat' dir='ltr'>illa</span> <span class='ocrx_word' id='word_1_93' title='bbox 410 1050 500 1082; x_wconf 76' lang='lat' dir='ltr'>ueris</span> <span class='ocrx_word' id='word_1_94' title='bbox 518 1049 669 1090; x_wconf 73' lang='lat' dir='ltr'>depinyet</span> <span class='ocrx_word' id='word_1_95' title='bbox 685 1052 785 1089; x_wconf 81' lang='lat' dir='ltr'>prata</span> <span class='ocrx_word' id='word_1_96' title='bbox 796 1048 920 1089; x_wconf 74' lang='lat' dir='ltr'>fiquris</span> <span class='ocrx_word' id='word_1_97' title='bbox 938 1047 1117 1079; x_wconf 89' lang='lat' dir='ltr'>intellectu</span> <span class='ocrx_word' id='word_1_98' title='bbox 1135 1048 1253 1088; x_wconf 84' lang='lat' dir='ltr'>priuat</span> <span class='ocrx_word' id='word_1_99' title='bbox 1343 1055 1407 1087; x_wconf 92' lang='lat' dir='ltr'>que</span> <span class='ocrx_word' id='word_1_100' title='bbox 1425 1046 1472 1084; x_wconf 88' lang='lat' dir='ltr'>M,</span> <span class='ocrx_word' id='word_1_101' title='bbox 1492 1056 1558 1077; x_wconf 94' lang='grc'>0111.</span> <span class='ocrx_word' id='word_1_102' title='bbox 1580 1044 1634 1076; x_wconf 89' lang='lat' dir='ltr'>GL</span> <span class='ocrx_word' id='word_1_103' title='bbox 1653 1045 1756 1076; x_wconf 89' lang='lat' dir='ltr'>metri</span> 
     </span>
     <span class='ocr_line' id='line_1_14' title="bbox 217 1096 1753 1140; baseline -0.005 -6"><span class='ocrx_word' id='word_1_104' title='bbox 217 1114 321 1135; x_wconf 88' lang='lat' dir='ltr'>causa</span> <span class='ocrx_word' id='word_1_105' title='bbox 338 1103 427 1133; x_wconf 88' lang='lat' dir='ltr'>sicut</span> <span class='ocrx_word' id='word_1_106' title='bbox 444 1102 550 1133; x_wconf 87' lang='lat' dir='ltr'>etiam</span> <span class='ocrx_word' id='word_1_107' title='bbox 567 1111 609 1132; x_wconf 81' lang='lat' dir='ltr'>ex</span> <span class='ocrx_word' id='word_1_108' title='bbox 625 1100 662 1131; x_wconf 91' lang='lat' dir='ltr'>M</span> <span class='ocrx_word' id='word_1_109' title='bbox 678 1100 871 1140; x_wconf 88' lang='lat' dir='ltr'>descriptus</span> <span class='ocrx_word' id='word_1_110' title='bbox 888 1098 970 1130; x_wconf 87' lang='lat' dir='ltr'>Vrb.</span> <span class='ocrx_word' id='word_1_111' title='bbox 989 1099 1054 1130; x_wconf 89' lang='grc'>668</span> <span class='ocrx_word' id='word_1_112' title='bbox 1145 1097 1227 1129; x_wconf 84' lang='grc'>01015</span> <span class='ocrx_word' id='word_1_113' title='bbox 1244 1097 1422 1129; x_wconf 82' lang='grc' dir='ltr'>Βο111;10105</span> <span class='ocrx_word' id='word_1_114' title='bbox 1439 1100 1474 1128; x_wconf 89' lang='lat' dir='ltr'>et</span> <span class='ocrx_word' id='word_1_115' title='bbox 1490 1099 1580 1128; x_wconf 86' lang='lat' dir='ltr'>teste</span> <span class='ocrx_word' id='word_1_116' title='bbox 1597 1096 1753 1127; x_wconf 86' lang='lat' dir='ltr'>Breitero</span> 
     </span>
     <span class='ocr_line' id='line_1_15' title="bbox 217 1145 1756 1190; baseline -0.006 -4"><span class='ocrx_word' id='word_1_117' title='bbox 217 1154 291 1186; x_wconf 89' lang='lat' dir='ltr'>cod.</span> <span class='ocrx_word' id='word_1_118' title='bbox 312 1153 461 1189; x_wconf 65' lang='lat' dir='ltr'>Monac„</span> <span class='ocrx_word' id='word_1_119' title='bbox 479 1151 571 1184; x_wconf 82' lang='lat' dir='ltr'>foliis</span> <span class='ocrx_word' id='word_1_120' title='bbox 590 1151 692 1182; x_wconf 80' lang='lat' dir='ltr'>GLM.</span> <span class='ocrx_word' id='word_1_121' title='bbox 741 1150 875 1182; x_wconf 77' lang='lat' dir='ltr'>confert</span> <span class='ocrx_word' id='word_1_122' title='bbox 895 1149 1072 1181; x_wconf 89' lang='lat' dir='ltr'>Bentleius</span> <span class='ocrx_word' id='word_1_123' title='bbox 1091 1148 1190 1180; x_wconf 89' lang='lat' dir='ltr'>Lucr.</span> <span class='ocrx_word' id='word_1_124' title='bbox 1211 1157 1234 1179; x_wconf 89' lang='lat' dir='ltr'>v</span> <span class='ocrx_word' id='word_1_125' title='bbox 1255 1149 1339 1180; x_wconf 88' lang='lat'><strong>1373</strong></span> <span class='ocrx_word' id='word_1_126' title='bbox 1359 1158 1409 1189; x_wconf 86' lang='lat' dir='ltr'>sq.</span> <span class='ocrx_word' id='word_1_127' title='bbox 1429 1147 1577 1179; x_wconf 84' lang='lat' dir='ltr'>olearum</span> <span class='ocrx_word' id='word_1_128' title='bbox 1599 1145 1603 1190; x_wconf 84' lang='grc' dir='ltr'>Ι</span> <span class='ocrx_word' id='word_1_129' title='bbox 1622 1146 1756 1178; x_wconf 84' lang='lat' dir='ltr'>caerula</span> 
     </span>
     <span class='ocr_line' id='line_1_16' title="bbox 215 1198 1754 1245; baseline -0.005 -9"><span class='ocrx_word' id='word_1_130' title='bbox 215 1230 222 1237; x_wconf 94' lang='lat'><strong><em>.</em></strong></span> <span class='ocrx_word' id='word_1_131' title='bbox 243 1230 250 1236; x_wconf 91' lang='lat'><strong><em>.</em></strong></span> <span class='ocrx_word' id='word_1_132' title='bbox 271 1230 278 1236; x_wconf 90' lang='lat'><strong>.</strong></span> <span class='ocrx_word' id='word_1_133' title='bbox 295 1204 397 1245; x_wconf 67' lang='lat' dir='ltr'>playa</span> <span class='ocrx_word' id='word_1_134' title='bbox 421 1207 456 1235; x_wconf 92' lang='lat' dir='ltr'>et</span> <span class='ocrx_word' id='word_1_135' title='bbox 482 1203 582 1235; x_wconf 87' lang='lat' dir='ltr'><strong>Ouid.</strong></span> <span class='ocrx_word' id='word_1_136' title='bbox 609 1205 674 1233; x_wconf 84' lang='lat' dir='ltr'>art.</span> <span class='ocrx_word' id='word_1_137' title='bbox 701 1210 729 1233; x_wconf 89' lang='grc' dir='ltr'>Π</span> <span class='ocrx_word' id='word_1_138' title='bbox 753 1203 817 1233; x_wconf 88' lang='grc'>518</span> <span class='ocrx_word' id='word_1_139' title='bbox 841 1200 998 1232; x_wconf 81' lang='lat' dir='ltr'>caerula.</span> <span class='ocrx_word' id='word_1_140' title='bbox 1019 1224 1026 1231; x_wconf 93' lang='lat'><strong>.</strong></span> <span class='ocrx_word' id='word_1_141' title='bbox 1046 1224 1053 1231; x_wconf 94' lang='lat'>.</span> <span class='ocrx_word' id='word_1_142' title='bbox 1072 1199 1227 1231; x_wconf 79' lang='lat' dir='ltr'>Palladis</span> <span class='ocrx_word' id='word_1_143' title='bbox 1251 1199 1356 1236; x_wconf 84' lang='lat' dir='ltr'>arbor,</span> <span class='ocrx_word' id='word_1_144' title='bbox 1382 1199 1472 1230; x_wconf 87' lang='lat' dir='ltr'>adde</span> <span class='ocrx_word' id='word_1_145' title='bbox 1496 1199 1572 1230; x_wconf 85' lang='lat' dir='ltr'>qu.</span> <span class='ocrx_word' id='word_1_146' title='bbox 1599 1206 1664 1229; x_wconf 82' lang='lat' dir='ltr'>XIV</span> <span class='ocrx_word' id='word_1_147' title='bbox 1691 1198 1754 1228; x_wconf 89' lang='lat'>144</span> 
     </span>
     <span class='ocr_line' id='line_1_17' title="bbox 217 1248 1757 1295; baseline -0.005 -7"><span class='ocrx_word' id='word_1_148' title='bbox 217 1260 358 1288; x_wconf 78' lang='lat' dir='ltr'>montem</span> <span class='ocrx_word' id='word_1_149' title='bbox 387 1255 445 1295; x_wconf 82' lang='lat' dir='ltr'>qui</span> <span class='ocrx_word' id='word_1_150' title='bbox 474 1257 566 1286; x_wconf 83' lang='lat' dir='ltr'>canet</span> <span class='ocrx_word' id='word_1_151' title='bbox 595 1253 688 1285; x_wconf 82' lang='lat' dir='ltr'>oliua</span> <span class='ocrx_word' id='word_1_152' title='bbox 778 1251 931 1293; x_wconf 87' lang='lat' dir='ltr'>gramine</span> <span class='ocrx_word' id='word_1_153' title='bbox 961 1251 1026 1290; x_wconf 84' lang='lat' dir='ltr'>GL,</span> <span class='ocrx_word' id='word_1_154' title='bbox 1057 1250 1208 1292; x_wconf 80' lang='lat' dir='ltr'>germine</span> <span class='ocrx_word' id='word_1_155' title='bbox 1236 1250 1294 1282; x_wconf 90' lang='lat' dir='ltr'>M:</span> <span class='ocrx_word' id='word_1_156' title='bbox 1335 1250 1414 1282; x_wconf 90' lang='lat' dir='ltr'>uide</span> <span class='ocrx_word' id='word_1_157' title='bbox 1441 1249 1545 1282; x_wconf 87' lang='lat' dir='ltr'>Culic.</span> <span class='ocrx_word' id='word_1_158' title='bbox 1575 1250 1616 1281; x_wconf 89' lang='lat'>47</span> <span class='ocrx_word' id='word_1_159' title='bbox 1644 1248 1757 1280; x_wconf 83' lang='lat' dir='ltr'>lurida</span> 
     </span>
     <span class='ocr_line' id='line_1_18' title="bbox 216 1299 1758 1348; baseline -0.005 -9"><span class='ocrx_word' id='word_1_160' title='bbox 216 1318 283 1348; x_wconf 81' lang='lat' dir='ltr'>qua</span> <span class='ocrx_word' id='word_1_161' title='bbox 300 1306 434 1347; x_wconf 77' lang='lat' dir='ltr'>patulos</span> <span class='ocrx_word' id='word_1_162' title='bbox 454 1305 608 1337; x_wconf 80' lang='lat' dir='ltr'>uelabant</span> <span class='ocrx_word' id='word_1_163' title='bbox 626 1304 781 1345; x_wconf 76' lang='lat' dir='ltr'>yramina</span> <span class='ocrx_word' id='word_1_164' title='bbox 801 1303 904 1340; x_wconf 78' lang='lat' dir='ltr'>collis,</span> <span class='ocrx_word' id='word_1_165' title='bbox 926 1303 1024 1334; x_wconf 93' lang='lat' dir='ltr'>Lucr.</span> <span class='ocrx_word' id='word_1_166' title='bbox 1047 1311 1076 1333; x_wconf 89' lang='lat'>11</span> <span class='ocrx_word' id='word_1_167' title='bbox 1096 1303 1159 1334; x_wconf 83' lang='lat'>322</span> <span class='ocrx_word' id='word_1_168' title='bbox 1181 1302 1219 1333; x_wconf 80' lang='lat' dir='ltr'>in</span> <span class='ocrx_word' id='word_1_169' title='bbox 1238 1301 1345 1332; x_wconf 84' lang='lat' dir='ltr'>uiridi</span> <span class='ocrx_word' id='word_1_170' title='bbox 1363 1326 1370 1332; x_wconf 93' lang='lat'><strong>.</strong></span> <span class='ocrx_word' id='word_1_171' title='bbox 1390 1326 1397 1332; x_wconf 88' lang='lat'>.</span> <span class='ocrx_word' id='word_1_172' title='bbox 1417 1325 1424 1333; x_wconf 91' lang='lat'><strong><em>.</em></strong></span> <span class='ocrx_word' id='word_1_173' title='bbox 1442 1301 1518 1332; x_wconf 85' lang='lat' dir='ltr'>colli</span> <span class='ocrx_word' id='word_1_174' title='bbox 1538 1300 1613 1341; x_wconf 90' lang='lat' dir='ltr'>(ubi</span> <span class='ocrx_word' id='word_1_175' title='bbox 1630 1299 1758 1340; x_wconf 78' lang='lat' dir='ltr'>pabula</span> 
     </span>
     <span class='ocr_line' id='line_1_19' title="bbox 218 1352 1754 1397; baseline -0.005 -7"><span class='ocrx_word' id='word_1_176' title='bbox 218 1360 304 1390; x_wconf 81' lang='lat' dir='ltr'>laeta</span> <span class='ocrx_word' id='word_1_177' title='bbox 327 1359 423 1397; x_wconf 83' lang='lat' dir='ltr'>sunt)</span> <span class='ocrx_word' id='word_1_178' title='bbox 515 1360 551 1388; x_wconf 87' lang='lat' dir='ltr'>et</span> <span class='ocrx_word' id='word_1_179' title='bbox 579 1367 621 1387; x_wconf 82' lang='lat' dir='ltr'>ex</span> <span class='ocrx_word' id='word_1_180' title='bbox 649 1355 724 1387; x_wconf 90' lang='grc'>0100</span> <span class='ocrx_word' id='word_1_181' title='bbox 751 1354 852 1395; x_wconf 83' lang='grc' dir='ltr'>(Ρ1111.</span> <span class='ocrx_word' id='word_1_182' title='bbox 878 1354 948 1386; x_wconf 88' lang='grc'>11.11.</span> <span class='ocrx_word' id='word_1_183' title='bbox 976 1362 1025 1384; x_wconf 83' lang='lat' dir='ltr'>xv</span> <span class='ocrx_word' id='word_1_184' title='bbox 1051 1354 1105 1393; x_wconf 89' lang='grc'>19)</span> <span class='ocrx_word' id='word_1_185' title='bbox 1130 1356 1164 1385; x_wconf 86' lang='lat' dir='ltr'>et</span> <span class='ocrx_word' id='word_1_186' title='bbox 1188 1353 1295 1384; x_wconf 80' lang='lat' dir='ltr'>uiridi</span> <span class='ocrx_word' id='word_1_187' title='bbox 1319 1363 1334 1384; x_wconf 86' lang='lat' dir='ltr'>e</span> <span class='ocrx_word' id='word_1_188' title='bbox 1357 1352 1507 1393; x_wconf 73' lang='lat' dir='ltr'>yramine</span> <span class='ocrx_word' id='word_1_189' title='bbox 1531 1352 1590 1392; x_wconf 89' lang='lat' dir='ltr'>(ib.</span> <span class='ocrx_word' id='word_1_190' title='bbox 1616 1360 1699 1382; x_wconf 86' lang='lat' dir='ltr'>XXII</span> <span class='ocrx_word' id='word_1_191' title='bbox 1723 1352 1754 1388; x_wconf 91' lang='lat'>8,</span> 
     </span>
     <span class='ocr_line' id='line_1_20' title="bbox 221 1402 1755 1451; baseline -0.006 -9"><span class='ocrx_word' id='word_1_192' title='bbox 221 1410 313 1442; x_wconf 85' lang='lat' dir='ltr'>Fest.</span> <span class='ocrx_word' id='word_1_193' title='bbox 339 1420 372 1451; x_wconf 89' lang='lat' dir='ltr'>p.</span> <span class='ocrx_word' id='word_1_194' title='bbox 401 1410 462 1440; x_wconf 88' lang='lat'>190</span> <span class='ocrx_word' id='word_1_195' title='bbox 486 1409 543 1448; x_wconf 86' lang='lat'>24)</span> <span class='ocrx_word' id='word_1_196' title='bbox 568 1417 714 1439; x_wconf 87' lang='lat' dir='ltr'>coronae</span> <span class='ocrx_word' id='word_1_197' title='bbox 737 1406 880 1442; x_wconf 82' lang='lat' dir='ltr'>fiebant,</span> <span class='ocrx_word' id='word_1_198' title='bbox 906 1416 948 1436; x_wconf 87' lang='lat' dir='ltr'>ex</span> <span class='ocrx_word' id='word_1_199' title='bbox 972 1404 1128 1436; x_wconf 85' lang='lat' dir='ltr'>caulibus</span> <span class='ocrx_word' id='word_1_200' title='bbox 1151 1414 1221 1436; x_wconf 91' lang='lat' dir='ltr'>non</span> <span class='ocrx_word' id='word_1_201' title='bbox 1244 1405 1340 1440; x_wconf 89' lang='lat' dir='ltr'>item,</span> <span class='ocrx_word' id='word_1_202' title='bbox 1364 1407 1405 1435; x_wconf 92' lang='lat' dir='ltr'>ut</span> <span class='ocrx_word' id='word_1_203' title='bbox 1428 1404 1558 1435; x_wconf 83' lang='lat' dir='ltr'>frustra</span> <span class='ocrx_word' id='word_1_204' title='bbox 1581 1402 1655 1434; x_wconf 88' lang='lat' dir='ltr'>cod.</span> <span class='ocrx_word' id='word_1_205' title='bbox 1682 1402 1755 1433; x_wconf 86' lang='lat' dir='ltr'>Pal.</span> 
     </span>
     <span class='ocr_line' id='line_1_21' title="bbox 219 1453 1755 1495; baseline -0.006 -2"><span class='ocrx_word' id='word_1_206' title='bbox 219 1461 370 1493; x_wconf 82' lang='lat' dir='ltr'>testibus</span> <span class='ocrx_word' id='word_1_207' title='bbox 394 1460 495 1491; x_wconf 91' lang='lat' dir='ltr'>Iunio</span> <span class='ocrx_word' id='word_1_208' title='bbox 519 1462 555 1490; x_wconf 89' lang='lat' dir='ltr'>et</span> <span class='ocrx_word' id='word_1_209' title='bbox 579 1457 726 1490; x_wconf 84' lang='lat' dir='ltr'>Barthio</span> <span class='ocrx_word' id='word_1_210' title='bbox 753 1456 867 1488; x_wconf 80' lang='lat' dir='ltr'>collem</span> <span class='ocrx_word' id='word_1_211' title='bbox 889 1457 925 1488; x_wconf 91' lang='lat' dir='ltr'>in</span> <span class='ocrx_word' id='word_1_212' title='bbox 948 1456 1048 1488; x_wconf 82' lang='lat' dir='ltr'>colem</span> <span class='ocrx_word' id='word_1_213' title='bbox 1075 1456 1221 1487; x_wconf 87' lang='lat' dir='ltr'>mutarit</span> <span class='ocrx_word' id='word_1_214' title='bbox 1248 1458 1355 1495; x_wconf 84' lang='lat' dir='ltr'>atque</span> <span class='ocrx_word' id='word_1_215' title='bbox 1381 1454 1519 1486; x_wconf 85' lang='lat' dir='ltr'>Ellisius</span> <span class='ocrx_word' id='word_1_216' title='bbox 1543 1456 1635 1485; x_wconf 86' lang='lat' dir='ltr'>noct.</span> <span class='ocrx_word' id='word_1_217' title='bbox 1662 1453 1755 1484; x_wconf 85' lang='lat' dir='ltr'>Man.</span> 
     </span>
     <span class='ocr_line' id='line_1_22' title="bbox 219 1504 1758 1555; baseline -0.006 -11"><span class='ocrx_word' id='word_1_218' title='bbox 219 1523 277 1555; x_wconf 88' lang='lat' dir='ltr'>pp.</span> <span class='ocrx_word' id='word_1_219' title='bbox 300 1513 362 1544; x_wconf 90' lang='grc'>176</span> <span class='ocrx_word' id='word_1_220' title='bbox 381 1521 431 1552; x_wconf 91' lang='lat' dir='ltr'>sq.</span> <span class='ocrx_word' id='word_1_221' title='bbox 452 1510 638 1542; x_wconf 84' lang='lat' dir='ltr'>caeruleum</span> <span class='ocrx_word' id='word_1_222' title='bbox 651 1509 749 1550; x_wconf 78' lang='lat' dir='ltr'>foliis</span> <span class='ocrx_word' id='word_1_223' title='bbox 767 1507 953 1539; x_wconf 78' lang='lat' dir='ltr'>uiridemue</span> <span class='ocrx_word' id='word_1_224' title='bbox 971 1507 1009 1538; x_wconf 82' lang='lat' dir='ltr'>in</span> <span class='ocrx_word' id='word_1_225' title='bbox 1026 1506 1171 1547; x_wconf 73' lang='lat' dir='ltr'>yermine</span> <span class='ocrx_word' id='word_1_226' title='bbox 1189 1505 1289 1538; x_wconf 81' lang='lat' dir='ltr'>colem</span> <span class='ocrx_word' id='word_1_227' title='bbox 1307 1506 1557 1547; x_wconf 86' lang='lat' dir='ltr'>interpretatus</span> <span class='ocrx_word' id='word_1_228' title='bbox 1575 1505 1621 1536; x_wconf 87' lang='lat' dir='ltr'>sit</span> <span class='ocrx_word' id='word_1_229' title='bbox 1641 1505 1649 1517; x_wconf 89' lang='lat'>‘</span> <span class='ocrx_word' id='word_1_230' title='bbox 1665 1504 1758 1535; x_wconf 84' lang='lat' dir='ltr'>bras-</span> 
     </span>
     <span class='ocr_line' id='line_1_23' title="bbox 220 1556 1757 1603; baseline -0.007 -7"><span class='ocrx_word' id='word_1_231' title='bbox 220 1565 308 1596; x_wconf 85' lang='lat' dir='ltr'>sicas</span> <span class='ocrx_word' id='word_1_232' title='bbox 332 1563 404 1595; x_wconf 84' lang='lat' dir='ltr'>siue</span> <span class='ocrx_word' id='word_1_233' title='bbox 429 1572 518 1603; x_wconf 85' lang='lat' dir='ltr'>quae</span> <span class='ocrx_word' id='word_1_234' title='bbox 542 1560 633 1592; x_wconf 85' lang='lat' dir='ltr'>foliis</span> <span class='ocrx_word' id='word_1_235' title='bbox 657 1561 915 1601; x_wconf 86' lang='lat' dir='ltr'>purpurascunt</span> <span class='ocrx_word' id='word_1_236' title='bbox 939 1559 1011 1589; x_wconf 89' lang='lat' dir='ltr'>siue</span> <span class='ocrx_word' id='word_1_237' title='bbox 1035 1568 1125 1598; x_wconf 86' lang='lat' dir='ltr'>quae</span> <span class='ocrx_word' id='word_1_238' title='bbox 1148 1558 1185 1589; x_wconf 90' lang='lat' dir='ltr'>in</span> <span class='ocrx_word' id='word_1_239' title='bbox 1208 1557 1333 1588; x_wconf 83' lang='lat' dir='ltr'>uiridia</span> <span class='ocrx_word' id='word_1_240' title='bbox 1356 1557 1553 1598; x_wconf 85' lang='lat' dir='ltr'>germinant</span> <span class='ocrx_word' id='word_1_241' title='bbox 1568 1556 1587 1587; x_wconf 86' lang='lat'>&#39;.</span> <span class='ocrx_word' id='word_1_242' title='bbox 1636 1565 1757 1596; x_wconf 85' lang='lat' dir='ltr'>quam-</span> 
     </span>
     <span class='ocr_line' id='line_1_24' title="bbox 220 1606 1758 1656; baseline -0.005 -10"><span class='ocrx_word' id='word_1_243' title='bbox 220 1625 328 1656; x_wconf 85' lang='lat' dir='ltr'>quam</span> <span class='ocrx_word' id='word_1_244' title='bbox 342 1615 390 1646; x_wconf 85' lang='lat' dir='ltr'>sic</span> <span class='ocrx_word' id='word_1_245' title='bbox 405 1614 553 1654; x_wconf 86' lang='lat' dir='ltr'>scriptus</span> <span class='ocrx_word' id='word_1_246' title='bbox 568 1622 687 1643; x_wconf 86' lang='lat' dir='ltr'>uersus</span> <span class='ocrx_word' id='word_1_247' title='bbox 702 1611 774 1642; x_wconf 88' lang='lat' dir='ltr'>sedi</span> <span class='ocrx_word' id='word_1_248' title='bbox 788 1620 895 1651; x_wconf 89' lang='lat' dir='ltr'>quam</span> <span class='ocrx_word' id='word_1_249' title='bbox 909 1610 945 1641; x_wconf 92' lang='lat' dir='ltr'>in</span> <span class='ocrx_word' id='word_1_250' title='bbox 959 1609 1134 1641; x_wconf 78' lang='lat' dir='ltr'>codicibus</span> <span class='ocrx_word' id='word_1_251' title='bbox 1150 1608 1286 1640; x_wconf 88' lang='lat' dir='ltr'>obtinet</span> <span class='ocrx_word' id='word_1_252' title='bbox 1301 1609 1416 1649; x_wconf 87' lang='lat' dir='ltr'>aptior</span> <span class='ocrx_word' id='word_1_253' title='bbox 1429 1607 1469 1639; x_wconf 91' lang='lat' dir='ltr'>fit</span> <span class='ocrx_word' id='word_1_254' title='bbox 1483 1617 1595 1648; x_wconf 90' lang='lat' dir='ltr'>neque</span> <span class='ocrx_word' id='word_1_255' title='bbox 1609 1606 1758 1648; x_wconf 85' lang='lat' dir='ltr'>amplius</span> 
     </span>
     <span class='ocr_line' id='line_1_25' title="bbox 221 1659 1759 1708; baseline -0.006 -10"><span class='ocrx_word' id='word_1_256' title='bbox 221 1667 329 1708; x_wconf 82' lang='lat' dir='ltr'>exigit</span> <span class='ocrx_word' id='word_1_257' title='bbox 354 1668 394 1697; x_wconf 90' lang='lat' dir='ltr'>ut</span> <span class='ocrx_word' id='word_1_258' title='bbox 418 1668 481 1696; x_wconf 83' lang='lat' dir='ltr'>aut</span> <span class='ocrx_word' id='word_1_259' title='bbox 506 1662 707 1695; x_wconf 87' lang='lat' dir='ltr'>conserendi</span> <span class='ocrx_word' id='word_1_260' title='bbox 731 1662 877 1693; x_wconf 91' lang='lat' dir='ltr'>uerbum</span> <span class='ocrx_word' id='word_1_261' title='bbox 901 1671 1041 1692; x_wconf 91' lang='lat' dir='ltr'>sensum</span> <span class='ocrx_word' id='word_1_262' title='bbox 1065 1663 1180 1691; x_wconf 88' lang='lat' dir='ltr'>mutet</span> <span class='ocrx_word' id='word_1_263' title='bbox 1204 1661 1375 1700; x_wconf 78' lang='lat' dir='ltr'>(conseret</span> <span class='ocrx_word' id='word_1_264' title='bbox 1400 1659 1509 1690; x_wconf 89' lang='lat' dir='ltr'>uiolas</span> <span class='ocrx_word' id='word_1_265' title='bbox 1534 1661 1759 1699; x_wconf 87' lang='lat' dir='ltr'>conseretque</span> 
     </span>
     <span class='ocr_line' id='line_1_26' title="bbox 222 1709 1759 1757; baseline -0.006 -8"><span class='ocrx_word' id='word_1_266' title='bbox 222 1718 336 1750; x_wconf 88' lang='lat' dir='ltr'>nescio</span> <span class='ocrx_word' id='word_1_267' title='bbox 355 1727 425 1757; x_wconf 84' lang='lat' dir='ltr'>qua</span> <span class='ocrx_word' id='word_1_268' title='bbox 444 1716 620 1746; x_wconf 83' lang='lat' dir='ltr'>consitura</span> <span class='ocrx_word' id='word_1_269' title='bbox 639 1713 774 1753; x_wconf 89' lang='lat' dir='ltr'>collem)</span> <span class='ocrx_word' id='word_1_270' title='bbox 795 1715 857 1744; x_wconf 84' lang='lat' dir='ltr'>aut</span> <span class='ocrx_word' id='word_1_271' title='bbox 876 1712 1067 1743; x_wconf 84' lang='lat' dir='ltr'>accusatiui</span> <span class='ocrx_word' id='word_1_272' title='bbox 1085 1721 1248 1743; x_wconf 89' lang='lat' dir='ltr'>uersuum</span> <span class='ocrx_word' id='word_1_273' title='bbox 1266 1711 1375 1742; x_wconf 83' lang='lat'>257—9</span> <span class='ocrx_word' id='word_1_274' title='bbox 1395 1710 1440 1741; x_wconf 87' lang='lat' dir='ltr'>ad</span> <span class='ocrx_word' id='word_1_275' title='bbox 1458 1709 1536 1741; x_wconf 77' lang='lat' dir='ltr'>colet</span> <span class='ocrx_word' id='word_1_276' title='bbox 1553 1709 1759 1746; x_wconf 83' lang='lat' dir='ltr'>referantur,</span> 
     </span>
     <span class='ocr_line' id='line_1_27' title="bbox 222 1759 1759 1810; baseline -0.006 -10"><span class='ocrx_word' id='word_1_277' title='bbox 222 1768 317 1810; x_wconf 90' lang='lat' dir='ltr'>quod</span> <span class='ocrx_word' id='word_1_278' title='bbox 347 1767 575 1809; x_wconf 77' lang='lat' dir='ltr'>praecedente</span> <span class='ocrx_word' id='word_1_279' title='bbox 599 1764 743 1806; x_wconf 77' lang='lat' dir='ltr'>floribus</span> <span class='ocrx_word' id='word_1_280' title='bbox 773 1763 929 1795; x_wconf 82' lang='lat' dir='ltr'>ablatiuo</span> <span class='ocrx_word' id='word_1_281' title='bbox 960 1772 1084 1804; x_wconf 88' lang='lat' dir='ltr'>parum</span> <span class='ocrx_word' id='word_1_282' title='bbox 1115 1762 1322 1793; x_wconf 87' lang='lat' dir='ltr'>concinnum</span> <span class='ocrx_word' id='word_1_283' title='bbox 1353 1764 1405 1792; x_wconf 90' lang='lat' dir='ltr'>est</span> <span class='ocrx_word' id='word_1_284' title='bbox 1497 1763 1561 1794; x_wconf 84' lang='lat'>258</span> <span class='ocrx_word' id='word_1_285' title='bbox 1590 1759 1662 1792; x_wconf 86' lang='lat' dir='ltr'>lilia.</span> <span class='ocrx_word' id='word_1_286' title='bbox 1693 1759 1759 1798; x_wconf 84' lang='lat' dir='ltr'>GL,</span> 
     </span>
     <span class='ocr_line' id='line_1_28' title="bbox 221 1811 1759 1857; baseline -0.006 -6"><span class='ocrx_word' id='word_1_287' title='bbox 221 1820 281 1851; x_wconf 87' lang='lat' dir='ltr'>ilia</span> <span class='ocrx_word' id='word_1_288' title='bbox 299 1819 345 1857; x_wconf 89' lang='lat' dir='ltr'>M,</span> <span class='ocrx_word' id='word_1_289' title='bbox 364 1817 447 1850; x_wconf 83' lang='lat' dir='ltr'>uilia</span> <span class='ocrx_word' id='word_1_290' title='bbox 466 1817 539 1848; x_wconf 88' lang='lat' dir='ltr'>cod.</span> <span class='ocrx_word' id='word_1_291' title='bbox 560 1816 714 1847; x_wconf 82' lang='lat' dir='ltr'>Venetus</span> <span class='ocrx_word' id='word_1_292' title='bbox 805 1814 903 1851; x_wconf 76' lang='lat' dir='ltr'>luces,</span> <span class='ocrx_word' id='word_1_293' title='bbox 923 1813 1052 1845; x_wconf 90' lang='lat' dir='ltr'>colores</span> <span class='ocrx_word' id='word_1_294' title='bbox 1070 1812 1213 1849; x_wconf 88' lang='lat' dir='ltr'>lucidos,</span> <span class='ocrx_word' id='word_1_295' title='bbox 1232 1816 1273 1843; x_wconf 90' lang='lat' dir='ltr'>ut</span> <span class='ocrx_word' id='word_1_296' title='bbox 1291 1813 1326 1843; x_wconf 89' lang='grc'>111</span> <span class='ocrx_word' id='word_1_297' title='bbox 1344 1812 1488 1853; x_wconf 82' lang='lat' dir='ltr'>gemmis</span> <span class='ocrx_word' id='word_1_298' title='bbox 1506 1812 1580 1843; x_wconf 83' lang='lat'>512.</span> <span class='ocrx_word' id='word_1_299' title='bbox 1628 1811 1759 1843; x_wconf 86' lang='lat' dir='ltr'>Auson.</span> 
     </span>
     <span class='ocr_line' id='line_1_29' title="bbox 225 1863 1759 1910; baseline -0.007 -7"><span class='ocrx_word' id='word_1_300' title='bbox 225 1872 290 1903; x_wconf 84' lang='lat'>419</span> <span class='ocrx_word' id='word_1_301' title='bbox 311 1872 351 1902; x_wconf 89' lang='lat'>83</span> <span class='ocrx_word' id='word_1_302' title='bbox 373 1870 481 1910; x_wconf 89' lang='lat' dir='ltr'>(Peip.</span> <span class='ocrx_word' id='word_1_303' title='bbox 502 1879 535 1910; x_wconf 87' lang='lat' dir='ltr'>p.</span> <span class='ocrx_word' id='word_1_304' title='bbox 557 1869 635 1907; x_wconf 87' lang='lat'><strong>375)</strong></span> <span class='ocrx_word' id='word_1_305' title='bbox 654 1869 858 1907; x_wconf 74' lang='lat' dir='ltr'>praetextam</span> <span class='ocrx_word' id='word_1_306' title='bbox 877 1875 983 1896; x_wconf 87' lang='lat' dir='ltr'>meam</span> <span class='ocrx_word' id='word_1_307' title='bbox 999 1875 1174 1905; x_wconf 74' lang='lat' dir='ltr'>purpurae</span> <span class='ocrx_word' id='word_1_308' title='bbox 1193 1868 1268 1895; x_wconf 79' lang='lat' dir='ltr'>tuae</span> <span class='ocrx_word' id='word_1_309' title='bbox 1286 1863 1357 1895; x_wconf 84' lang='lat' dir='ltr'>luce</span> <span class='ocrx_word' id='word_1_310' title='bbox 1370 1863 1533 1904; x_wconf 82' lang='lat' dir='ltr'>fucatam,</span> <span class='ocrx_word' id='word_1_311' title='bbox 1555 1863 1655 1895; x_wconf 88' lang='lat' dir='ltr'>Ouid.</span> <span class='ocrx_word' id='word_1_312' title='bbox 1677 1865 1759 1894; x_wconf 90' lang='lat' dir='ltr'>met.</span> 
     </span>
     <span class='ocr_line' id='line_1_30' title="bbox 224 1913 1763 1961; baseline -0.006 -6"><span class='ocrx_word' id='word_1_313' title='bbox 224 1932 264 1954; x_wconf 81' lang='lat' dir='ltr'>ix</span> <span class='ocrx_word' id='word_1_314' title='bbox 290 1923 353 1954; x_wconf 85' lang='lat'>340</span> <span class='ocrx_word' id='word_1_315' title='bbox 379 1931 429 1961; x_wconf 87' lang='lat' dir='ltr'>sq.</span> <span class='ocrx_word' id='word_1_316' title='bbox 461 1919 581 1960; x_wconf 74' lang='lat' dir='ltr'>Tyrios</span> <span class='ocrx_word' id='word_1_317' title='bbox 607 1918 738 1949; x_wconf 74' lang='lat' dir='ltr'>imitata</span> <span class='ocrx_word' id='word_1_318' title='bbox 763 1917 907 1948; x_wconf 75' lang='lat' dir='ltr'>colores.</span> <span class='ocrx_word' id='word_1_319' title='bbox 928 1940 935 1947; x_wconf 91' lang='lat'><strong>.</strong></span> <span class='ocrx_word' id='word_1_320' title='bbox 955 1940 962 1947; x_wconf 89' lang='lat'><em>.</em></span> <span class='ocrx_word' id='word_1_321' title='bbox 982 1916 1062 1947; x_wconf 75' lang='lat' dir='ltr'>lotos</span> <span class='ocrx_word' id='word_1_322' title='bbox 1154 1917 1216 1948; x_wconf 86' lang='grc'>261</span> <span class='ocrx_word' id='word_1_323' title='bbox 1243 1916 1398 1946; x_wconf 80' lang='lat' dir='ltr'>conseret</span> <span class='ocrx_word' id='word_1_324' title='bbox 1421 1916 1455 1946; x_wconf 91' lang='lat' dir='ltr'>et</span> <span class='ocrx_word' id='word_1_325' title='bbox 1480 1913 1544 1952; x_wconf 87' lang='lat' dir='ltr'>GL,</span> <span class='ocrx_word' id='word_1_326' title='bbox 1571 1914 1763 1945; x_wconf 80' lang='lat' dir='ltr'>consereret</span> 
     </span>
     <span class='ocr_line' id='line_1_31' title="bbox 225 1964 1762 2012; baseline -0.005 -8"><span class='ocrx_word' id='word_1_327' title='bbox 225 1973 262 2006; x_wconf 90' lang='lat' dir='ltr'>M</span> <span class='ocrx_word' id='word_1_328' title='bbox 352 1972 514 2012; x_wconf 72' lang='lat' dir='ltr'>depinyet,</span> <span class='ocrx_word' id='word_1_329' title='bbox 546 1969 708 2006; x_wconf 84' lang='lat' dir='ltr'>uariabit,</span> <span class='ocrx_word' id='word_1_330' title='bbox 740 1972 780 2000; x_wconf 84' lang='lat' dir='ltr'>ut</span> <span class='ocrx_word' id='word_1_331' title='bbox 811 1977 824 1999; x_wconf 94' lang='lat'>1</span> <span class='ocrx_word' id='word_1_332' title='bbox 853 1969 918 1999; x_wconf 85' lang='lat'>445</span> <span class='ocrx_word' id='word_1_333' title='bbox 948 1967 1076 1999; x_wconf 79' lang='lat' dir='ltr'>caelum</span> <span class='ocrx_word' id='word_1_334' title='bbox 1106 1966 1298 2007; x_wconf 71' lang='lat' dir='ltr'>depinyitur</span> <span class='ocrx_word' id='word_1_335' title='bbox 1328 1965 1428 1997; x_wconf 75' lang='lat' dir='ltr'>astris</span> <span class='ocrx_word' id='word_1_336' title='bbox 1510 1965 1635 2006; x_wconf 72' lang='lat' dir='ltr'>fiquris</span> <span class='ocrx_word' id='word_1_337' title='bbox 1664 1964 1762 1996; x_wconf 84' lang='lat' dir='ltr'>uelut</span> 
     </span>
     <span class='ocr_line' id='line_1_32' title="bbox 226 2015 1762 2062; baseline -0.006 -6"><span class='ocrx_word' id='word_1_338' title='bbox 226 2026 423 2057; x_wconf 83' lang='lat' dir='ltr'>litterarum</span> <span class='ocrx_word' id='word_1_339' title='bbox 439 2035 445 2054; x_wconf 93' lang='lat'><strong>:</strong></span> <span class='ocrx_word' id='word_1_340' title='bbox 476 2022 563 2053; x_wconf 92' lang='lat' dir='ltr'>Plin.</span> <span class='ocrx_word' id='word_1_341' title='bbox 581 2032 633 2062; x_wconf 89' lang='lat' dir='ltr'>ep.</span> <span class='ocrx_word' id='word_1_342' title='bbox 651 2029 674 2051; x_wconf 90' lang='lat' dir='ltr'>v</span> <span class='ocrx_word' id='word_1_343' title='bbox 690 2022 709 2052; x_wconf 89' lang='grc'>6</span> <span class='ocrx_word' id='word_1_344' title='bbox 725 2021 767 2052; x_wconf 88' lang='grc'>35</span> <span class='ocrx_word' id='word_1_345' title='bbox 783 2019 866 2051; x_wconf 81' lang='lat' dir='ltr'>alibi</span> <span class='ocrx_word' id='word_1_346' title='bbox 878 2018 1063 2059; x_wconf 81' lang='lat' dir='ltr'>pratulum,</span> <span class='ocrx_word' id='word_1_347' title='bbox 1080 2018 1163 2050; x_wconf 70' lang='lat' dir='ltr'>alibi</span> <span class='ocrx_word' id='word_1_348' title='bbox 1178 2018 1255 2058; x_wconf 77' lang='lat' dir='ltr'>ipsa</span> <span class='ocrx_word' id='word_1_349' title='bbox 1270 2017 1377 2048; x_wconf 77' lang='lat' dir='ltr'>buxus</span> <span class='ocrx_word' id='word_1_350' title='bbox 1393 2016 1571 2048; x_wconf 73' lang='lat' dir='ltr'>interuenit</span> <span class='ocrx_word' id='word_1_351' title='bbox 1586 2015 1762 2057; x_wconf 78' lang='lat' dir='ltr'>informas</span> 
     </span>
     <span class='ocr_line' id='line_1_33' title="bbox 227 2067 1762 2114; baseline -0.006 -7"><span class='ocrx_word' id='word_1_352' title='bbox 227 2076 317 2108; x_wconf 82' lang='lat' dir='ltr'>mille</span> <span class='ocrx_word' id='word_1_353' title='bbox 342 2074 514 2114; x_wconf 78' lang='lat' dir='ltr'>discripta,</span> <span class='ocrx_word' id='word_1_354' title='bbox 542 2071 658 2103; x_wconf 75' lang='lat' dir='ltr'>litteris</span> <span class='ocrx_word' id='word_1_355' title='bbox 683 2070 860 2107; x_wconf 76' lang='lat' dir='ltr'>interdum,</span> <span class='ocrx_word' id='word_1_356' title='bbox 886 2080 970 2110; x_wconf 83' lang='lat' dir='ltr'>quae</span> <span class='ocrx_word' id='word_1_357' title='bbox 994 2069 1088 2101; x_wconf 81' lang='lat' dir='ltr'>modo</span> <span class='ocrx_word' id='word_1_358' title='bbox 1113 2079 1233 2100; x_wconf 74' lang='lat' dir='ltr'>nomeu</span> <span class='ocrx_word' id='word_1_359' title='bbox 1257 2068 1387 2100; x_wconf 78' lang='lat' dir='ltr'>domim·</span> <span class='ocrx_word' id='word_1_360' title='bbox 1411 2067 1537 2105; x_wconf 75' lang='lat' dir='ltr'>dicunt,</span> <span class='ocrx_word' id='word_1_361' title='bbox 1563 2067 1657 2098; x_wconf 85' lang='lat' dir='ltr'>modo</span> <span class='ocrx_word' id='word_1_362' title='bbox 1682 2067 1762 2099; x_wconf 82' lang='lat' dir='ltr'>arti-</span> 
     </span>
     <span class='ocr_line' id='line_1_34' title="bbox 221 2118 1763 2169; baseline -0.006 -10"><span class='ocrx_word' id='word_1_363' title='bbox 221 2128 300 2169; x_wconf 79' lang='lat' dir='ltr'>ficis</span> <span class='ocrx_word' id='word_1_364' title='bbox 391 2125 492 2162; x_wconf 79' lang='lat' dir='ltr'>ueris,</span> <span class='ocrx_word' id='word_1_365' title='bbox 509 2124 676 2164; x_wconf 80' lang='lat' dir='ltr'>ingenuis,</span> <span class='ocrx_word' id='word_1_366' title='bbox 693 2123 822 2163; x_wconf 85' lang='lat' dir='ltr'>quippe</span> <span class='ocrx_word' id='word_1_367' title='bbox 838 2132 928 2162; x_wconf 86' lang='lat' dir='ltr'>quae</span> <span class='ocrx_word' id='word_1_368' title='bbox 944 2131 1014 2152; x_wconf 90' lang='lat' dir='ltr'>non</span> <span class='ocrx_word' id='word_1_369' title='bbox 1029 2121 1215 2162; x_wconf 85' lang='lat' dir='ltr'>pigmentis</span> <span class='ocrx_word' id='word_1_370' title='bbox 1231 2120 1291 2151; x_wconf 89' lang='lat' dir='ltr'>sed</span> <span class='ocrx_word' id='word_1_371' title='bbox 1307 2120 1436 2151; x_wconf 84' lang='lat' dir='ltr'>natiuis</span> <span class='ocrx_word' id='word_1_372' title='bbox 1451 2119 1575 2150; x_wconf 91' lang='lat' dir='ltr'>florum</span> <span class='ocrx_word' id='word_1_373' title='bbox 1592 2118 1763 2150; x_wconf 88' lang='lat' dir='ltr'>coloribus</span> 
     </span>
     <span class='ocr_line' id='line_1_35' title="bbox 228 2168 1764 2214; baseline -0.007 -4"><span class='ocrx_word' id='word_1_374' title='bbox 228 2180 412 2211; x_wconf 85' lang='lat' dir='ltr'>constent:</span> <span class='ocrx_word' id='word_1_375' title='bbox 454 2175 585 2207; x_wconf 84' lang='lat' dir='ltr'>Colum.</span> <span class='ocrx_word' id='word_1_376' title='bbox 614 2183 639 2205; x_wconf 88' lang='lat' dir='ltr'>X</span> <span class='ocrx_word' id='word_1_377' title='bbox 667 2175 729 2205; x_wconf 87' lang='lat'>176</span> <span class='ocrx_word' id='word_1_378' title='bbox 756 2183 806 2214; x_wconf 88' lang='lat' dir='ltr'>sq.</span> <span class='ocrx_word' id='word_1_379' title='bbox 834 2183 914 2212; x_wconf 80' lang='lat' dir='ltr'>quos</span> <span class='ocrx_word' id='word_1_380' title='bbox 941 2172 1031 2203; x_wconf 81' lang='lat' dir='ltr'>mille</span> <span class='ocrx_word' id='word_1_381' title='bbox 1054 2172 1147 2212; x_wconf 77' lang='lat' dir='ltr'>parit</span> <span class='ocrx_word' id='word_1_382' title='bbox 1172 2171 1267 2202; x_wconf 74' lang='lat' dir='ltr'>diues</span> <span class='ocrx_word' id='word_1_383' title='bbox 1293 2174 1416 2202; x_wconf 76' lang='lat' dir='ltr'>natura</span> <span class='ocrx_word' id='word_1_384' title='bbox 1440 2169 1561 2201; x_wconf 74' lang='lat' dir='ltr'>colores</span> <span class='ocrx_word' id='word_1_385' title='bbox 1583 2168 1587 2212; x_wconf 84' lang='grc' dir='ltr'>Ι</span> <span class='ocrx_word' id='word_1_386' title='bbox 1607 2169 1764 2209; x_wconf 77' lang='lat' dir='ltr'>disponat</span> 
     </span>
     <span class='ocr_line' id='line_1_36' title="bbox 226 2219 1766 2271; baseline -0.006 -10"><span class='ocrx_word' id='word_1_387' title='bbox 226 2229 355 2271; x_wconf 75' lang='lat' dir='ltr'>plantis</span> <span class='ocrx_word' id='word_1_388' title='bbox 388 2227 516 2264; x_wconf 71' lang='lat' dir='ltr'>holitor,</span> <span class='ocrx_word' id='word_1_389' title='bbox 549 2236 630 2266; x_wconf 74' lang='lat' dir='ltr'>quos</span> <span class='ocrx_word' id='word_1_390' title='bbox 661 2225 786 2257; x_wconf 78' lang='lat' dir='ltr'>semine</span> <span class='ocrx_word' id='word_1_391' title='bbox 818 2224 904 2255; x_wconf 82' lang='lat' dir='ltr'>seuit</span> <span class='ocrx_word' id='word_1_392' title='bbox 995 2225 1060 2256; x_wconf 85' lang='grc'>262</span> <span class='ocrx_word' id='word_1_393' title='bbox 1091 2224 1205 2254; x_wconf 78' lang='lat' dir='ltr'>nectet</span> <span class='ocrx_word' id='word_1_394' title='bbox 1237 2221 1317 2259; x_wconf 88' lang='lat' dir='ltr'>GL2,</span> <span class='ocrx_word' id='word_1_395' title='bbox 1350 2220 1456 2253; x_wconf 84' lang='lat' dir='ltr'>nectit</span> <span class='ocrx_word' id='word_1_396' title='bbox 1487 2220 1550 2252; x_wconf 91' lang='lat' dir='ltr'>LM</span> <span class='ocrx_word' id='word_1_397' title='bbox 1639 2219 1766 2252; x_wconf 84' lang='lat' dir='ltr'>locabit</span> 
     </span>
     <span class='ocr_line' id='line_1_37' title="bbox 230 2271 1763 2318; baseline -0.007 -6"><span class='ocrx_word' id='word_1_398' title='bbox 230 2281 310 2318; x_wconf 82' lang='lat' dir='ltr'>GL2,</span> <span class='ocrx_word' id='word_1_399' title='bbox 330 2278 458 2311; x_wconf 84' lang='lat' dir='ltr'>locauit</span> <span class='ocrx_word' id='word_1_400' title='bbox 475 2277 538 2309; x_wconf 92' lang='lat' dir='ltr'>LM</span> <span class='ocrx_word' id='word_1_401' title='bbox 630 2278 693 2310; x_wconf 83' lang='lat'>263</span> <span class='ocrx_word' id='word_1_402' title='bbox 712 2275 850 2316; x_wconf 86' lang='lat' dir='ltr'>effinget</span> <span class='ocrx_word' id='word_1_403' title='bbox 872 2274 938 2312; x_wconf 90' lang='lat' dir='ltr'>GL,</span> <span class='ocrx_word' id='word_1_404' title='bbox 958 2276 992 2306; x_wconf 90' lang='lat' dir='ltr'>et</span> <span class='ocrx_word' id='word_1_405' title='bbox 1013 2273 1119 2314; x_wconf 88' lang='lat' dir='ltr'>finget</span> <span class='ocrx_word' id='word_1_406' title='bbox 1141 2273 1178 2304; x_wconf 91' lang='lat' dir='ltr'>M</span> <span class='ocrx_word' id='word_1_407' title='bbox 1267 2281 1370 2304; x_wconf 92' lang='lat' dir='ltr'>suum</span> <span class='ocrx_word' id='word_1_408' title='bbox 1394 2271 1510 2310; x_wconf 81' lang='lat' dir='ltr'>GL2M‚</span> <span class='ocrx_word' id='word_1_409' title='bbox 1535 2280 1615 2303; x_wconf 90' lang='lat' dir='ltr'>suos</span> <span class='ocrx_word' id='word_1_410' title='bbox 1638 2271 1663 2302; x_wconf 92' lang='lat' dir='ltr'>L</span> <span class='ocrx_word' id='word_1_411' title='bbox 1687 2271 1763 2303; x_wconf 87' lang='lat' dir='ltr'>cod.</span> 
     </span>
     <span class='ocr_line' id='line_1_38' title="bbox 229 2323 1766 2367; baseline -0.007 -4"><span class='ocrx_word' id='word_1_412' title='bbox 229 2333 394 2367; x_wconf 70' lang='lat' dir='ltr'>Venetus,</span> <span class='ocrx_word' id='word_1_413' title='bbox 413 2331 560 2361; x_wconf 84' lang='lat' dir='ltr'>fortasse</span> <span class='ocrx_word' id='word_1_414' title='bbox 578 2338 673 2359; x_wconf 83' lang='lat' dir='ltr'>suom</span> <span class='ocrx_word' id='word_1_415' title='bbox 767 2328 773 2339; x_wconf 78' lang='lat'><em>¹</em></span> <span class='ocrx_word' id='word_1_416' title='bbox 789 2326 928 2367; x_wconf 84' lang='lat' dir='ltr'>effinget</span> <span class='ocrx_word' id='word_1_417' title='bbox 946 2336 988 2357; x_wconf 85' lang='lat' dir='ltr'>ex</span> <span class='ocrx_word' id='word_1_418' title='bbox 1006 2325 1148 2356; x_wconf 90' lang='lat' dir='ltr'>floribus</span> <span class='ocrx_word' id='word_1_419' title='bbox 1167 2334 1341 2360; x_wconf 84' lang='lat' dir='ltr'>coronam,</span> <span class='ocrx_word' id='word_1_420' title='bbox 1361 2323 1425 2355; x_wconf 93' lang='lat' dir='ltr'>sub</span> <span class='ocrx_word' id='word_1_421' title='bbox 1444 2333 1514 2364; x_wconf 93' lang='lat' dir='ltr'>quo</span> <span class='ocrx_word' id='word_1_422' title='bbox 1533 2323 1642 2354; x_wconf 86' lang='lat' dir='ltr'>sidere</span> <span class='ocrx_word' id='word_1_423' title='bbox 1660 2325 1766 2354; x_wconf 89' lang='lat' dir='ltr'>natus</span> 
     </span>
     <span class='ocr_line' id='line_1_39' title="bbox 230 2373 1765 2416; baseline -0.006 -2"><span class='ocrx_word' id='word_1_424' title='bbox 230 2383 306 2415; x_wconf 89' lang='lat' dir='ltr'>est&#39;</span> <span class='ocrx_word' id='word_1_425' title='bbox 339 2381 540 2413; x_wconf 86' lang='lat' dir='ltr'>Bentleius:</span> <span class='ocrx_word' id='word_1_426' title='bbox 585 2379 664 2411; x_wconf 93' lang='lat' dir='ltr'>uide</span> <span class='ocrx_word' id='word_1_427' title='bbox 697 2379 760 2410; x_wconf 87' lang='lat'>703</span> <span class='ocrx_word' id='word_1_428' title='bbox 792 2377 926 2409; x_wconf 79' lang='lat' dir='ltr'>ualidas</span> <span class='ocrx_word' id='word_1_429' title='bbox 956 2376 1112 2416; x_wconf 73' lang='lat' dir='ltr'>coquati</span> <span class='ocrx_word' id='word_1_430' title='bbox 1143 2375 1289 2407; x_wconf 73' lang='lat' dir='ltr'>sideris</span> <span class='ocrx_word' id='word_1_431' title='bbox 1320 2375 1455 2415; x_wconf 84' lang='lat' dir='ltr'>(Vrsae)</span> <span class='ocrx_word' id='word_1_432' title='bbox 1485 2384 1582 2406; x_wconf 71' lang='lat' dir='ltr'>ursas</span> <span class='ocrx_word' id='word_1_433' title='bbox 1672 2373 1765 2405; x_wconf 88' lang='lat' dir='ltr'>sidus</span> 
     </span>
     <span class='ocr_line' id='line_1_40' title="bbox 230 2425 1765 2473; baseline -0.007 -7"><span class='ocrx_word' id='word_1_434' title='bbox 230 2433 424 2473; x_wconf 85' lang='lat' dir='ltr'>similesque</span> <span class='ocrx_word' id='word_1_435' title='bbox 453 2431 499 2470; x_wconf 89' lang='lat' dir='ltr'>M,</span> <span class='ocrx_word' id='word_1_436' title='bbox 529 2430 723 2471; x_wconf 85' lang='lat' dir='ltr'>similesque</span> <span class='ocrx_word' id='word_1_437' title='bbox 751 2428 844 2460; x_wconf 92' lang='lat' dir='ltr'>sidus</span> <span class='ocrx_word' id='word_1_438' title='bbox 872 2428 909 2466; x_wconf 91' lang='lat' dir='ltr'>L,</span> <span class='ocrx_word' id='word_1_439' title='bbox 939 2428 1041 2459; x_wconf 89' lang='lat' dir='ltr'>metri</span> <span class='ocrx_word' id='word_1_440' title='bbox 1069 2437 1174 2458; x_wconf 84' lang='grc'>00050</span> <span class='ocrx_word' id='word_1_441' title='bbox 1202 2425 1396 2467; x_wconf 87' lang='lat' dir='ltr'>similesque</span> <span class='ocrx_word' id='word_1_442' title='bbox 1424 2425 1464 2457; x_wconf 80' lang='lat' dir='ltr'>L2</span> <span class='ocrx_word' id='word_1_443' title='bbox 1494 2425 1568 2457; x_wconf 89' lang='lat' dir='ltr'>cod.</span> <span class='ocrx_word' id='word_1_444' title='bbox 1598 2425 1765 2462; x_wconf 89' lang='lat' dir='ltr'>Venetus,</span> 
     </span>
     <span class='ocr_line' id='line_1_41' title="bbox 231 2476 1767 2521; baseline -0.007 -4"><span class='ocrx_word' id='word_1_445' title='bbox 231 2484 358 2518; x_wconf 87' lang='lat' dir='ltr'>similes</span> <span class='ocrx_word' id='word_1_446' title='bbox 375 2483 402 2515; x_wconf 90' lang='lat' dir='ltr'><strong>G</strong></span> <span class='ocrx_word' id='word_1_447' title='bbox 418 2495 426 2520; x_wconf 91' lang='lat'>;</span> <span class='ocrx_word' id='word_1_448' title='bbox 454 2482 560 2519; x_wconf 72' lang='lat' dir='ltr'>sidus,</span> <span class='ocrx_word' id='word_1_449' title='bbox 577 2482 660 2521; x_wconf 80' lang='lat' dir='ltr'>quin</span> <span class='ocrx_word' id='word_1_450' title='bbox 675 2484 792 2512; x_wconf 82' lang='lat' dir='ltr'>mutua</span> <span class='ocrx_word' id='word_1_451' title='bbox 808 2479 985 2511; x_wconf 88' lang='lat' dir='ltr'>Bentleius</span> <span class='ocrx_word' id='word_1_452' title='bbox 1076 2479 1225 2510; x_wconf 88' lang='lat' dir='ltr'>duorum</span> <span class='ocrx_word' id='word_1_453' title='bbox 1241 2487 1403 2509; x_wconf 88' lang='lat' dir='ltr'>uersuum</span> <span class='ocrx_word' id='word_1_454' title='bbox 1418 2476 1606 2518; x_wconf 83' lang='lat' dir='ltr'>particulas</span> <span class='ocrx_word' id='word_1_455' title='bbox 1622 2476 1767 2517; x_wconf 85' lang='lat' dir='ltr'>agnouit</span> 
     </span>
     <span class='ocr_line' id='line_1_42' title="bbox 232 2527 1765 2575; baseline -0.007 -7"><span class='ocrx_word' id='word_1_456' title='bbox 232 2536 469 2575; x_wconf 82' lang='lat' dir='ltr'>disiunxitque</span> <span class='ocrx_word' id='word_1_457' title='bbox 495 2533 654 2569; x_wconf 84' lang='lat' dir='ltr'>Iacobus,</span> <span class='ocrx_word' id='word_1_458' title='bbox 681 2533 741 2573; x_wconf 86' lang='lat' dir='ltr'>qui</span> <span class='ocrx_word' id='word_1_459' title='bbox 766 2531 954 2571; x_wconf 77' lang='lat' dir='ltr'>similesque</span> <span class='ocrx_word' id='word_1_460' title='bbox 980 2530 1025 2561; x_wconf 88' lang='lat' dir='ltr'>ad</span> <span class='ocrx_word' id='word_1_461' title='bbox 1050 2530 1276 2571; x_wconf 87' lang='lat' dir='ltr'>posteriorem</span> <span class='ocrx_word' id='word_1_462' title='bbox 1301 2529 1421 2565; x_wconf 81' lang='lat' dir='ltr'>traxit,</span> <span class='ocrx_word' id='word_1_463' title='bbox 1447 2538 1510 2569; x_wconf 85' lang='lat' dir='ltr'>ego</span> <span class='ocrx_word' id='word_1_464' title='bbox 1534 2527 1580 2558; x_wconf 87' lang='lat' dir='ltr'>ad</span> <span class='ocrx_word' id='word_1_465' title='bbox 1604 2527 1765 2568; x_wconf 88' lang='lat' dir='ltr'>priorem,</span> 
     </span>
     <span class='ocr_line' id='line_1_43' title="bbox 232 2578 1769 2625; baseline -0.007 -6"><span class='ocrx_word' id='word_1_466' title='bbox 232 2598 311 2620; x_wconf 86' lang='lat' dir='ltr'>eum</span> <span class='ocrx_word' id='word_1_467' title='bbox 330 2585 510 2618; x_wconf 85' lang='lat' dir='ltr'>dissimiles</span> <span class='ocrx_word' id='word_1_468' title='bbox 529 2585 645 2625; x_wconf 87' lang='lat' dir='ltr'>potius</span> <span class='ocrx_word' id='word_1_469' title='bbox 664 2583 785 2614; x_wconf 84' lang='lat' dir='ltr'>odores</span> <span class='ocrx_word' id='word_1_470' title='bbox 804 2581 1048 2613; x_wconf 86' lang='lat' dir='ltr'>commiscendi</span> <span class='ocrx_word' id='word_1_471' title='bbox 1067 2582 1137 2612; x_wconf 87' lang='lat' dir='ltr'>sint</span> <span class='ocrx_word' id='word_1_472' title='bbox 1155 2584 1195 2611; x_wconf 90' lang='lat' dir='ltr'>ut</span> <span class='ocrx_word' id='word_1_473' title='bbox 1213 2580 1300 2611; x_wconf 87' lang='lat' dir='ltr'>fiant</span> <span class='ocrx_word' id='word_1_474' title='bbox 1318 2580 1401 2611; x_wconf 89' lang='lat' dir='ltr'>noui</span> <span class='ocrx_word' id='word_1_475' title='bbox 1418 2589 1458 2610; x_wconf 90' lang='grc'>00</span> <span class='ocrx_word' id='word_1_476' title='bbox 1477 2578 1590 2610; x_wconf 89' lang='lat' dir='ltr'>medii.</span> <span class='ocrx_word' id='word_1_477' title='bbox 1639 2578 1769 2609; x_wconf 88' lang='lat' dir='ltr'>inserui</span> 
     </span>
     <span class='ocr_line' id='line_1_44' title="bbox 231 2630 1767 2681; baseline -0.007 -11"><span class='ocrx_word' id='word_1_478' title='bbox 231 2638 349 2681; x_wconf 86' lang='lat' dir='ltr'>qualia</span> <span class='ocrx_word' id='word_1_479' title='bbox 367 2636 579 2668; x_wconf 86' lang='lat' dir='ltr'>intercidisse</span> <span class='ocrx_word' id='word_1_480' title='bbox 597 2633 757 2665; x_wconf 88' lang='lat' dir='ltr'>credibile</span> <span class='ocrx_word' id='word_1_481' title='bbox 776 2637 839 2670; x_wconf 86' lang='lat' dir='ltr'>est,</span> <span class='ocrx_word' id='word_1_482' title='bbox 858 2643 994 2664; x_wconf 76' lang='lat' dir='ltr'>coronas</span> <span class='ocrx_word' id='word_1_483' title='bbox 1017 2630 1020 2675; x_wconf 90' lang='grc' dir='ltr'>Ι</span> <span class='ocrx_word' id='word_1_484' title='bbox 1042 2631 1223 2663; x_wconf 73' lang='lat' dir='ltr'>Cnosiacae</span> <span class='ocrx_word' id='word_1_485' title='bbox 1235 2631 1338 2671; x_wconf 78' lang='lat' dir='ltr'>faciet</span> <span class='ocrx_word' id='word_1_486' title='bbox 1356 2630 1570 2669; x_wconf 73' lang='lat' dir='ltr'>calamosque.</span> <span class='ocrx_word' id='word_1_487' title='bbox 1613 2632 1767 2660; x_wconf 89' lang='lat' dir='ltr'>ceterum</span> 
     </span>
     <span class='ocr_line' id='line_1_45' title="bbox 233 2681 1766 2726; baseline -0.008 -4"><span class='ocrx_word' id='word_1_488' title='bbox 233 2690 382 2723; x_wconf 89' lang='lat' dir='ltr'>Iacobus</span> <span class='ocrx_word' id='word_1_489' title='bbox 415 2687 529 2718; x_wconf 88' lang='lat' dir='ltr'>meriti</span> <span class='ocrx_word' id='word_1_490' title='bbox 562 2687 711 2726; x_wconf 81' lang='lat' dir='ltr'>gratiam</span> <span class='ocrx_word' id='word_1_491' title='bbox 744 2685 903 2715; x_wconf 84' lang='lat' dir='ltr'>uanitate</span> <span class='ocrx_word' id='word_1_492' title='bbox 930 2684 1085 2724; x_wconf 90' lang='lat' dir='ltr'>corrupit</span> <span class='ocrx_word' id='word_1_493' title='bbox 1111 2693 1181 2723; x_wconf 85' lang='lat' dir='ltr'>qua</span> <span class='ocrx_word' id='word_1_494' title='bbox 1208 2693 1372 2713; x_wconf 88' lang='lat' dir='ltr'>uersuum</span> <span class='ocrx_word' id='word_1_495' title='bbox 1401 2681 1679 2712; x_wconf 84' lang='lat' dir='ltr'>numerationem</span> <span class='ocrx_word' id='word_1_496' title='bbox 1704 2690 1766 2721; x_wconf 91' lang='lat' dir='ltr'>per</span> 
     </span>
     <span class='ocr_line' id='line_1_46' title="bbox 231 2732 1768 2782; baseline -0.007 -9"><span class='ocrx_word' id='word_1_497' title='bbox 231 2743 402 2782; x_wconf 84' lang='lat' dir='ltr'>reliquam</span> <span class='ocrx_word' id='word_1_498' title='bbox 441 2738 519 2770; x_wconf 88' lang='lat' dir='ltr'>libri</span> <span class='ocrx_word' id='word_1_499' title='bbox 558 2740 695 2779; x_wconf 83' lang='lat' dir='ltr'>partem</span> <span class='ocrx_word' id='word_1_500' title='bbox 735 2736 962 2772; x_wconf 88' lang='lat' dir='ltr'>immutauit;</span> <span class='ocrx_word' id='word_1_501' title='bbox 1015 2745 1122 2776; x_wconf 88' lang='lat' dir='ltr'>quam</span> <span class='ocrx_word' id='word_1_502' title='bbox 1162 2733 1461 2775; x_wconf 84' lang='lat' dir='ltr'>perturbationem</span> <span class='ocrx_word' id='word_1_503' title='bbox 1502 2732 1677 2763; x_wconf 88' lang='lat' dir='ltr'>Breiterus</span> <span class='ocrx_word' id='word_1_504' title='bbox 1731 2733 1768 2762; x_wconf 87' lang='lat' dir='ltr'>et</span> 
     </span>
     <span class='ocr_line' id='line_1_47' title="bbox 234 2782 1767 2834; baseline -0.008 -9"><span class='ocrx_word' id='word_1_505' title='bbox 234 2792 522 2834; x_wconf 82' lang='lat' dir='ltr'>Wageningenus‚</span> <span class='ocrx_word' id='word_1_506' title='bbox 550 2798 629 2820; x_wconf 91' lang='lat' dir='ltr'>cum</span> <span class='ocrx_word' id='word_1_507' title='bbox 656 2787 742 2819; x_wconf 89' lang='lat' dir='ltr'>nihil</span> <span class='ocrx_word' id='word_1_508' title='bbox 768 2787 934 2819; x_wconf 77' lang='lat' dir='ltr'>excidisse</span> <span class='ocrx_word' id='word_1_509' title='bbox 961 2786 1225 2823; x_wconf 85' lang='lat' dir='ltr'>arbitrarentur,</span> <span class='ocrx_word' id='word_1_510' title='bbox 1253 2788 1372 2817; x_wconf 85' lang='lat' dir='ltr'>tamen</span> <span class='ocrx_word' id='word_1_511' title='bbox 1398 2784 1645 2826; x_wconf 84' lang='lat' dir='ltr'>propagarunt.</span> <span class='ocrx_word' id='word_1_512' title='bbox 1694 2782 1767 2823; x_wconf 86' lang='lat' dir='ltr'>ipse</span> 
     </span>
    </p>
   </div>
  </div>
 </body>
</html>
