1855 3088
531 114 1013 159 ASTRONOMICON
1044 115 1085 158 V
1520 118 1573 157 73

206 228 486 283 adsuetasque
505 228 584 269 sibi
603 228 713 270 desit
731 229 980 283 perfundere
998 243 1136 284 rupes,

207 302 360 344 extulit
378 307 422 343 61
440 302 599 357 liquido
619 302 764 344 Nereis
783 302 837 344 ab
858 317 1037 358 aequore
1056 303 1201 344 uultus

207 381 262 426 et,
283 390 403 417 casus
422 376 621 417 miserata
639 381 749 427 tuos,
770 377 931 418 10161111
950 382 993 418 61
1011 378 1160 418 undas.

83 458 151 489 565
205 450 296 505 ipsa
315 450 397 492 leui
416 450 523 492 flatu
540 450 733 492 refouens
752 451 980 505 pendentia
1000 451 1189 492 membra

206 538 308 566 aura
327 538 401 579 per
420 530 629 566 extremas
647 525 862 566 resonauit
880 525 1016 566 flebile
1034 540 1172 579 rupes.

205 598 380 640 tandem
399 598 606 653 Gorgonei
624 599 829 640 uictorem
848 599 998 640 Persea
1017 599 1194 640 monstri

205 672 306 714 felix
324 672 394 714 illa
413 672 501 714 dies
520 673 767 714 redeuntem
785 673 841 714 ad
859 673 983 715 litora
1003 673 1139 715 duxit.

47 823 87 852 ut
105 828 120 851 1
141 820 202 852 103
224 819 385 851 miracula
405 829 515 851 rerum
534 830 597 861 pro
618 820 801 851 miratione
893 822 957 853 562
977 819 1063 852 desit
1083 820 1179 852 Voss.
1202 821 1266 852 390
1288 823 1324 851 61
1345 819 1457 857 Βοἀ1.,
1479 819 1579 851 desiit

47 871 148 909 GLM,
172 874 213 902 ut
236 871 330 912 apud
353 871 548 902 Martialem
571 882 651 912 pars
673 871 850 908 librorum,
875 872 936 912 qui
959 872 1091 903 sexiens
1115 871 1325 912 disyllabum
1348 872 1531 912 usurpauit

134 931 234 963 rupes
252 922 299 960 M,
318 921 406 963 ripes
424 922 460 960 L,
480 921 570 963 ripas
588 921 669 960 GL²‚
689 922 784 963 quod
802 925 894 954 certe
912 922 1019 954 nihilo
1038 922 1188 954 deterius
1207 926 1270 959 est,
1290 922 1437 954 alterum
1457 926 1576 953 autem

47 985 90 1006 ex
115 974 178 1005 566
204 974 337 1004 uenisse
362 976 501 1014 potest;
540 973 601 1004 sed
625 973 704 1004 uide
729 974 794 1005 228
886 975 949 1007 563
973 973 1100 1014 liquido
1126 973 1199 1012 LM,
1225 973 1392 1014 liquidum
1417 973 1486 1004 GL²

90 1024 207 1056 uultus
233 1023 271 1062 G,
298 1024 398 1055 uultu
423 1024 496 1063 LM,
523 1024 661 1056 uultum
686 1024 727 1056 L²
818 1027 883 1058 564
907 1025 1027 1056 Nereis
1051 1025 1200 1056 lacrimis
1226 1026 1445 1056 miseratione
1472 1025 1576 1055 motis

47 1087 116 1108 non
139 1075 251 1107 solum
274 1075 393 1107 uultus
416 1076 548 1107 rorauit
571 1076 631 1107 sed
654 1077 760 1107 etiam
783 1075 955 1117 liquidum
978 1075 1074 1113 illud,
1099 1076 1191 1107 unde
1214 1080 1410 1112 emerserat,
1435 1086 1575 1116 aequor,

46 1127 141 1169 quod
164 1127 292 1158 umoris
316 1127 509 1158 adiectione
534 1127 675 1158 minime
699 1127 832 1168 egebat.
880 1127 1111 1164 lacrimarum,
1138 1137 1286 1168 quarum
1312 1128 1442 1158 mentio
1468 1127 1576 1163 deest,

46 1179 222 1210 notionem
247 1180 435 1219 suggerunt
458 1177 573 1209 uultus
597 1181 633 1209 et
658 1178 814 1209 miserata
828 1190 836 1215 3
874 1179 1014 1210 rorandi
1038 1178 1184 1210 uerbum
1209 1179 1259 1210 ita
1282 1180 1435 1220 positum
1461 1182 1513 1209 est
1537 1181 1578 1209 ut

48 1230 146 1261 Lucr.
174 1238 217 1260 111
240 1230 305 1261 469
331 1229 480 1260 lacrimis
504 1233 652 1261 rorantes
677 1240 735 1261 ora
760 1240 922 1270 qenasque
1014 1232 1077 1263 565
1102 1229 1170 1261 leui
1195 1229 1276 1268 GL2,
1302 1229 1387 1261 leuis
1412 1229 1475 1261 LM
1500 1229 1575 1260 cod.

47 1281 198 1312 Venetus
289 1282 353 1313 566
386 1280 547 1321 Scaligeri
579 1280 681 1322 culpa
713 1281 920 1312 festinanter
952 1281 1133 1312 scribentis
1165 1281 1299 1312 factum
1333 1284 1386 1312 est
1419 1284 1458 1312 ut
1491 1291 1577 1312 aura

47 1332 111 1364 Ed.
142 1331 305 1363 Muellero
336 1331 490 1363 Breitero
519 1332 776 1373 Wageningeno
806 1332 902 1364 Echo
932 1342 1004 1363 esse
1033 1332 1218 1363 uideatur:
1262 1343 1302 1363 ea
1332 1332 1460 1363 scilicet
1489 1332 1577 1363 flatu

47 1384 202 1415 membra
228 1383 409 1414 refouebat
498 1393 561 1424 pro
587 1383 756 1414 resonauit
783 1383 948 1415 Barthius
975 1383 1054 1414 adu.
1084 1393 1117 1424 p.
1146 1384 1210 1415 375
1238 1384 1408 1415 resonabat
1436 1383 1577 1414 uolebat

47 1435 209 1467 obstante
241 1437 432 1466 ceterorum
464 1434 649 1466 uerborum
680 1438 846 1476 tempore.
894 1435 1085 1466 necessaria
1116 1435 1358 1466 emendatione
1391 1435 1578 1466 resonarint

47 1487 236 1528 repositum
260 1489 313 1517 est
336 1496 399 1527 pro
423 1489 610 1517 resonarent
634 1486 720 1517 Hor.
746 1496 845 1517 serm.
872 1494 886 1517 1
910 1487 930 1518 8
953 1487 1008 1523 41,
1033 1487 1093 1527 qui
1118 1487 1224 1518 etiam
1248 1491 1446 1518 sonaturum
1470 1486 1577 1518 habet

47 1538 93 1570 ib.
123 1539 144 1568 4
173 1539 239 1575 443
281 1537 467 1568 resonuisse
495 1538 556 1578 qui
585 1537 712 1568 dixerit
740 1537 832 1568 solus
862 1537 1080 1579 Porphyrion
1109 1538 1313 1579 producitur
1396 1537 1508 1579 flebile
1536 1541 1577 1568 ut

49 1598 77 1621 11
102 1590 142 1620 41
173 1588 322 1620 siluestre
349 1588 449 1626 canit,
478 1588 573 1629 quod
601 1589 791 1620 666118611111
818 1599 925 1629 genus
953 1589 1048 1630 apud
1075 1589 1166 1621 hunc
1194 1593 1336 1630 poetam
1364 1590 1577 1621 rarissimum

48 1643 111 1678 est,
133 1650 215 1671 nam
231 1639 370 1680 suluum
392 1640 472 1671 nitet
494 1648 522 1671 Π
543 1640 606 1671 912
629 1639 731 1671 1161(16
753 1643 953 1681 suspectum
975 1644 1039 1677 est,
1062 1640 1260 1672 subditiuus
1282 1644 1401 1672 autem
1424 1641 1577 1672 eiusdem

47 1691 125 1723 libri
154 1702 273 1723 uersus
304 1692 379 1728 969,
412 1692 447 1723 111
478 1701 548 1732 quo
579 1694 633 1722 est
663 1691 799 1722 diuersa
829 1691 980 1723 uolantes
1071 1693 1135 1725 567
1167 1692 1329 1732 Goryonei
1347 1716 1353 1722 .
1374 1716 1380 1723 .
1402 1692 1578 1729 .monstri‚

48 1744 119 1775 eius
140 1744 285 1775 monstri
306 1743 361 1774 eui
381 1753 508 1774 nomen
529 1746 582 1774 681
603 1742 763 1784 Gorgoni.
812 1743 992 1784 epitheton
1014 1744 1261 1784 appositiuum,
1284 1747 1323 1775 ut
1346 1744 1470 1775 Catull.
1495 1745 1532 1775 61
1560 1745 1574 1774 1

48 1794 140 1826 collis
158 1818 165 1825 .
184 1818 192 1825 .
213 1818 220 1825 .
238 1794 420 1831 Heliconii,
451 1794 550 1826 Ouid.
581 1804 623 1825 ex
652 1794 755 1825 Pont.
780 1802 818 1825 IV
848 1795 887 1826 10
916 1795 957 1826 53
989 1793 1224 1834 Borysthenico
1243 1819 1249 1825 .
1269 1819 1276 1825 .
1297 1819 1303 1825 .
1322 1805 1442 1831 amne3
1483 1794 1578 1835 quod

49 1856 155 1887 genus
176 1846 381 1887 interpretes
402 1848 535 1882 notare,
558 1844 791 1886 lexicographi
812 1856 833 1876 a
854 1846 1054 1886 possessiujs
1076 1856 1248 1877 secernere
1270 1846 1445 1877 debebant
1466 1856 1579 1886 neque

48 1907 117 1929 uno
139 1897 257 1928 ordine
278 1907 404 1938 ponere
426 1897 541 1936 Arqoa
563 1896 664 1927 nauis
686 1899 721 1928 et
742 1897 874 1937 Arqous
895 1896 1016 1933 malus,
1038 1897 1182 1937 proinde
1204 1898 1304 1938 quasi
1325 1897 1410 1928 nihil
1431 1898 1578 1928 intersit.

48 1949 154 1980 etiam
170 1949 274 1980 tertio
292 1948 395 1979 modo
412 1948 539 1979 dicitur
555 1958 617 1989 pro
634 1948 795 1988 genetiuo
813 1947 939 1979 obiecti
955 1948 1124 1979 Aetnaeus
1140 1948 1243 1979 cultor
1259 1952 1354 1989 poet.
1374 1959 1428 1990 ap.
1449 1949 1578 1980 Charis.

49 1999 178 2032 G.L.K.
201 2008 215 2030 1
234 2010 267 2041 p.
293 2000 332 2031 13
354 2000 411 2036 22,
432 1999 537 2031 uictor
557 1999 740 2030 Herculeus
761 1999 838 2031 Sen.
861 1999 950 2031 H.O.
976 2000 1057 2031 1351
1153 2001 1216 2032 568
1237 1999 1332 2036 ordo,
1354 2003 1394 2031 ut
1415 1999 1460 2031 ad
1481 2008 1494 2030 1
1514 2002 1579 2030 455

49 2054 85 2083 et
99 2060 127 2082 11
143 2052 205 2082 176
220 2050 420 2092 significaui,
437 2051 491 2082 hic
507 2053 570 2087 est,
586 2049 717 2081 tandem
732 2050 864 2087 Persea,
881 2049 1042 2090 Geryonai
1056 2050 1196 2081 monstri
1210 2050 1366 2081 uictorem
1380 2050 1578 2088 redeuntem,

44 2102 129 2144 felix
150 2102 220 2134 dies
243 2101 286 2133 ad
309 2101 368 2133 illa
392 2101 488 2133 litora
510 2101 615 2132 duxit.
663 2112 745 2133 nam
768 2104 804 2133 et
826 2102 943 2142 inepte
965 2101 1048 2132 felix
1072 2101 1132 2132 illa
1155 2102 1226 2132 dies
1250 2103 1334 2142 (qua
1357 2102 1580 2134 Andromeda

50 2154 169 2186 beluae
188 2154 346 2195 exposita
365 2154 431 2192 est)
452 2153 575 2184 Persea
594 2152 725 2184 tandem
745 2153 883 2184 duxisse
902 2153 1039 2190 dicitur,
1060 2156 1095 2184 et
1114 2153 1248 2184 nudum
1267 2153 1364 2184 litora
1383 2157 1458 2185 tam
1477 2164 1579 2185 sensu

49 2215 199 2237 uacuum
225 2207 278 2236 est
304 2207 345 2236 ut
372 2204 488 2246 Fayus
515 2207 551 2235 et
578 2204 765 2245 Pingraeus
792 2203 940 2235 alterum
968 2203 1285 2235 demonstratiuum
1312 2204 1440 2245 fingere
1467 2205 1581 2236 coacti

49 2257 130 2293 sint,
151 2256 232 2287 ‘illa
248 2256 429 2287 fortunata
447 2255 518 2287 dies
536 2255 685 2286 adduxit
703 2255 748 2286 ad
766 2254 826 2286 kas
844 2265 921 2286 oras
940 2255 1132 2286 maritimas
1151 2255 1274 2286 Persea
1289 2255 1310 2292 ’,
1331 2256 1338 2267 ‘
1354 2259 1408 2287 cet
1426 2256 1579 2288 heureux

49 2309 127 2349 jour
140 2306 281 2339 ramene
296 2317 353 2338 sur
368 2317 401 2338 ce
415 2307 532 2348 rivage
548 2306 669 2338 Persee
680 2306 700 2337 '.
748 2306 819 2343 sed,
836 2308 876 2337 ut
894 2305 1139 2337 Marklandum
1154 2307 1189 2337 in
1205 2306 1289 2337 Hor.
1307 2317 1411 2338 carm.
1430 2316 1442 2338 1
1457 2308 1499 2339 35
1515 2309 1580 2339 5-8

49 2359 139 2391 ruris
162 2359 362 2400 genetiuum
386 2369 457 2390 non
481 2369 502 2389 a
526 2357 660 2389 colonus
685 2360 748 2389 aut
770 2367 864 2398 prece
889 2367 1011 2388 uerum
1036 2368 1056 2388 a
1080 2357 1252 2388 dominam
1277 2368 1482 2399 suspensum
1507 2369 1580 2390 esse

51 2411 232 2442 docentem
249 2409 373 2451 uulgus
391 2409 564 2441 editorum
581 2419 651 2440 non
670 2409 818 2440 audiunt
836 2409 911 2449 (qui
928 2412 1047 2440 tamen
1065 2408 1164 2450 epod.
1184 2410 1204 2440 5
1225 2410 1265 2440 19
1283 2419 1333 2450 sq.
1353 2413 1453 2441 uncta
1471 2410 1580 2450 turpis

50 2472 116 2493 oua
138 2471 241 2492 ranae
265 2460 429 2500 sanquine
450 2458 454 2503 Ι
472 2460 686 2500 plumamque
711 2463 890 2491 nocturnae
914 2459 1026 2499 striqis
1050 2462 1142 2491 recte
1167 2460 1311 2501 capiunt
1334 2471 1446 2501 neque
1471 2462 1581 2501 turpis

51 2523 116 2544 oua
133 2522 236 2544 ranae
255 2512 495 2552 coniungunt),
515 2511 565 2542 ita
583 2511 638 2543 hic
658 2514 694 2542 et
713 2511 758 2542 ad
776 2521 915 2542 uersum
935 2511 998 2542 713
1018 2511 1103 2542 mihi
1122 2510 1326 2542 obnitentur
1345 2513 1405 2552 qui
1428 2513 1582 2553 antiquis

50 2564 139 2605 leges
167 2564 342 2605 imponere
370 2562 506 2594 malunt
534 2572 641 2603 quam
669 2562 754 2603 quid
782 2562 864 2603 ipsis
892 2561 1060 2602 placuerit
1087 2561 1231 2603 legendo
1260 2562 1412 2600 discere;
1454 2564 1581 2604 quibus

52 2626 94 2647 ne
114 2615 202 2646 desit
221 2614 347 2645 fiducia
366 2613 497 2645 adnoto
517 2614 601 2645 haec
621 2614 689 2645 tria
708 2613 824 2649 uerba,
841 2612 927 2653 felix
946 2612 1005 2644 illa
1024 2613 1105 2650 dies,
1126 2614 1310 2645 coniuncta
1331 2614 1477 2645 inueniri
1496 2615 1581 2647 Ciris

52 2668 93 2698 27
110 2666 184 2706 (sed
200 2665 255 2696 ille
271 2665 345 2697 cod.
364 2666 465 2706 opt.),
482 2665 584 2696 Aetn.
603 2665 678 2701 637,
695 2664 788 2695 1611(1.
807 2664 873 2695 Ρ18.
894 2665 966 2695 159.
1015 2664 1057 2695 (16
1073 2664 1262 2696 Μ6111116116
1278 2665 1463 2696 uerborum
1480 2666 1581 2697 collo-

53 2718 188 2749 catione
206 2717 336 2758 passim
355 2717 486 2753 monui,
505 2726 547 2747 ex
566 2726 636 2756 quo
654 2726 745 2746 nunc
765 2715 922 2747 adscribo
941 2724 984 2746 111
1001 2716 1066 2747 483
1085 2715 1145 2747 illa
1163 2716 1262 2746 etiam
1278 2716 1397 2756 poterit
1416 2727 1581 2748 nascens

53 2768 112 2800 uia
134 2768 248 2800 ducere
272 2767 315 2799 ad
343 2771 506 2804 astrum,
540 2766 678 2798 aliunde
710 2767 809 2798 Lucr.
843 2775 866 2798 v
900 2768 984 2798 1414
1022 2777 1072 2807 sq.
1107 2767 1329 2807 posteriorque
1361 2767 1431 2807 fere
1469 2768 1584 2799 melior

53 2829 103 2851 res
127 2818 199 2851 illa
226 2822 354 2859 reperta
375 2816 379 2861 Ι
397 2817 506 2859 perdit
537 2818 720 2860 (posterior
748 2820 886 2859 reperta
915 2828 968 2849 res
998 2818 1113 2860 perdit
1143 2817 1202 2849 illa
1231 2819 1372 2860 priora),
1404 2818 1506 2860 Prop.
1539 2829 1583 2852 111
