1855 3088
175 87 226 129 10
762 87 823 130 M.
856 87 1107 131 MANILII

331 214 454 242 mane
474 200 688 242 salutandi
706 205 882 255 portans
902 201 1120 243 conmunis
1140 201 1312 243 amicus.

386 275 470 324 sed,
493 290 590 316 cum
609 290 652 316 se
671 275 793 317 terris
812 275 930 317 Aries
950 280 1015 317 ter
1035 276 1220 331 quinque
1239 276 1420 331 peractis

331 349 524 404 partibus
544 350 722 399 extollit,
743 350 927 404 primum
946 350 1044 405 iuga
1064 351 1176 391 tollit-
1196 351 1250 391 ab
1270 351 1394 392 undis

331 423 575 465 Heniochus
595 424 787 479 cliuoque
806 429 922 465 rotas
942 425 1140 466 conuellit
1160 425 1214 466 ab
1234 425 1332 475 imo,

235 505 277 536 70
333 512 417 553 qua
436 498 596 553 gelidus
617 499 773 540 Boreas
792 498 1059 554 aquilonibus
1079 499 1213 540 instat
1232 499 1380 541 acutis.

332 572 400 613 ille
420 572 541 614 dabit
560 573 777 627 proprium
797 573 987 614 studium
1006 573 1205 628 caeloque
1223 578 1411 616 retentas

333 661 438 702 quas
457 647 573 702 prius
592 647 636 689 in
655 647 777 689 terris
797 648 981 702 agitator
1001 653 1220 689 amauerat
1240 653 1352 689 artes
1371 663 1379 690 :

333 726 444 762 stare
464 722 547 763 leui
566 736 690 763 curru
709 723 1000 764 moderantem
1021 728 1225 777 quattuor
1245 737 1318 763 ora

333 796 580 851 spumigeris
599 796 766 838 frenata
785 797 894 852 lupis
915 801 957 838 et
977 797 1143 838 flectere
1164 811 1368 852 equorum

234 877 277 907 75
333 871 598 924 praeualidas
617 871 727 912 uires
747 886 796 912 ac
815 876 930 912 torto
951 871 1152 926 stringere
1172 886 1275 926 guro
1295 886 1303 922 3

334 950 392 994 at,
415 959 512 987 cum
532 946 676 987 laxato
696 945 895 1000 fugerunt
916 946 1083 987 cardine
1104 946 1301 995 claustra,

336 1020 549 1073 exagitare
569 1020 678 1061 feros
698 1034 962 1075 pronumque
983 1020 1142 1061 anteire
1162 1020 1346 1061 uolantis

336 1094 493 1149 uixque
513 1095 617 1135 rotis
637 1094 802 1136 leuibus
821 1109 1035 1136 summum
1055 1094 1296 1150 contingere
1316 1108 1514 1149 campum

172 1309 346 1340 rettulisse
368 1308 507 1339 uidetur
528 1308 695 1339 Firmicus
716 1317 784 1339 VIII
805 1309 824 1339 6
846 1309 865 1339 2
884 1318 945 1348 per
965 1308 1117 1340 omnium
1137 1308 1259 1339 limina
1280 1308 1455 1339 matutinis
1475 1318 1602 1348 semper
1622 1307 1712 1339 salu-

174 1360 355 1392 talionibus
382 1360 613 1399 peruolabzmt,
645 1359 724 1391 uide
753 1360 855 1390 Mart.
888 1368 955 1390 VIII
983 1361 1026 1390 44
1056 1361 1076 1390 4
1106 1370 1201 1390 omne
1229 1360 1332 1391 limen
1360 1360 1500 1391 conteris
1528 1360 1712 1397 salutatem

175 1422 389 1453 quamquam
415 1412 521 1442 etiam
546 1421 607 1452 per
631 1421 666 1442 se
692 1415 850 1442 constare
876 1414 992 1452 potest
1014 1422 1076 1451 per
1100 1411 1226 1448 omnia,
1253 1414 1293 1442 ut
1318 1410 1392 1442 aliis
1417 1410 1500 1442 locis
1525 1411 1571 1442 ad
1595 1419 1624 1442 Π
1648 1411 1713 1443 503

175 1463 301 1495 adlatis
394 1465 435 1495 66
460 1471 561 1494 mane
588 1461 690 1501 GLM,
715 1471 798 1503 pace
824 1462 898 1494 cod.
926 1463 1079 1494 Venetus
1172 1465 1300 1496 67—101
1327 1472 1406 1493 cum
1431 1463 1555 1503 quinta
1580 1462 1714 1493 decima

175 1515 301 1546 Arietis
326 1517 425 1555 parte
450 1515 559 1545 oritur
583 1514 793 1545 Heniochus.
842 1514 884 1545 de
909 1513 1025 1545 Ariete
1050 1514 1223 1545 consentit
1247 1513 1440 1547 Antiochus
1465 1513 1552 1545 Boll.
1578 1514 1713 1555 sphaer.

174 1578 207 1608 p.
229 1568 270 1598 57
291 1569 326 1597 et
346 1566 565 1606 aliquatenus
586 1565 711 1597 Valens
732 1576 764 1606 p.
788 1566 806 1596 6
829 1567 868 1597 10
889 1575 938 1606 sq.
1034 1568 1075 1598 68
1095 1565 1217 1596 extollit
1235 1590 1241 1596 .
1262 1589 1268 1596 .
1289 1589 1296 1596 .
1315 1565 1419 1596 tollit:
1453 1565 1533 1596 uide
1553 1565 1598 1596 ad
1617 1573 1631 1596 I
1650 1566 1712 1597 271

172 1621 208 1649 et
230 1627 273 1648 ΠΙ
297 1618 358 1648 122
451 1619 493 1650 69
514 1617 678 1653 conuenit,
702 1619 910 1653 commouet,
935 1617 1068 1647 Ennius
1090 1627 1144 1657 ap.
1169 1616 1263 1647 Seru.
1287 1616 1371 1647 Aen.
1397 1625 1437 1647 XI
1460 1617 1500 1647 19
1521 1626 1577 1647 rex
1598 1616 1716 1648 deinde

174 1670 295 1701 citatus
317 1668 320 1712 Ι
341 1668 496 1699 conuenit
516 1678 595 1705 sese,
614 1668 696 1699 Luc.
716 1677 759 1699 ΠΙ
778 1669 843 1699 528
860 1668 1031 1708 crebraque
1047 1668 1204 1699 sublimes
1221 1668 1410 1699 conuellunt
1430 1667 1565 1699 uerbera
1581 1678 1717 1708 puppes

266 1723 307 1754 70
340 1720 464 1751 Boreas
494 1720 579 1751 deus
609 1723 673 1757 est,
704 1719 877 1760 aquilones
906 1719 1011 1751 flatus
1041 1720 1124 1750 eius.
1173 1719 1317 1750 similius
1347 1722 1411 1756 est,
1442 1719 1537 1760 quod
1567 1719 1718 1761 Scaliger

175 1772 286 1804 simile
313 1782 385 1803 esse
411 1774 527 1812 negat,
556 1771 655 1802 Lucr.
684 1780 707 1802 v
735 1772 798 1802 656
825 1781 875 1811 sq.
904 1781 1032 1802 roseam
1059 1771 1219 1802 Matuta.
1240 1795 1246 1801 .
1267 1795 1273 1801 .
1293 1781 1450 1801 auroram
1475 1770 1586 1812 differt
1611 1774 1647 1802 et
1673 1781 1715 1802 ex

175 1824 223 1855 eis
242 1834 332 1864 quae
352 1823 396 1854 ad
415 1831 428 1853 1
447 1824 512 1854 539
531 1825 567 1853 et
585 1831 623 1853 Iv
643 1823 707 1853 644
726 1822 833 1853 attuli
851 1833 931 1863 pan.
953 1822 1102 1853 Messall.
1125 1824 1186 1853 147
1208 1822 1358 1853 Oceanus
1376 1846 1382 1852 .
1403 1846 1409 1853 .
1430 1846 1436 1852 .
1453 1825 1556 1862 ponto
1574 1822 1717 1853 continet

175 1875 284 1906 orbem
306 1885 413 1915 quam
436 1873 494 1906 Sil.
519 1883 542 1904 V
565 1875 629 1905 395
652 1884 702 1914 sq.
728 1873 880 1905 Oceanus
897 1898 904 1904 .
925 1898 931 1904 .
952 1897 958 1904 .
981 1873 1102 1914 Tethye
1126 1873 1254 1913 Calpen
1272 1897 1278 1904 .
1299 1897 1305 1904 .
1326 1873 1427 1914 .serit
1517 1873 1627 1905 acutis
1649 1873 1716 1913 GL,

176 1926 278 1958 auitis
302 1926 339 1958 M
431 1928 559 1959 Ι71-101
585 1925 671 1956 facit
696 1925 897 1957 Heniochus
921 1935 1091 1965 equorum
1116 1925 1315 1961 domitores,
1341 1924 1488 1965 aurigas,
1514 1924 1717 1962 desultores,

178 1977 470 2009 exercitationum
516 1977 730 2017 equestrium
771 1976 929 2013 scientes,
971 1976 1146 2007 Salmonei
1185 1979 1221 2007 et
1262 1975 1552 2017 Bellerophontae
1591 1976 1718 2008 similes

177 2029 334 2060 homines
426 2031 466 2061 71
490 2029 640 2059 retentas
663 2028 698 2059 M
721 2028 811 2058 sicut
835 2028 1029 2058 coniecerat
1052 2027 1212 2068 Scaliger,
1236 2029 1410 2058 retentans
1433 2026 1498 2066 GL,
1523 2027 1618 2068 quod
1640 2038 1718 2069 pro-

181 2080 280 2111 bauit
300 2079 477 2111 Bentleius
496 2082 695 2119 retemptans
712 2079 965 2119 interpretatus
981 2091 988 2116 3
1021 2079 1076 2110 cui
1095 2079 1189 2119 quod
1208 2078 1335 2109 mirum
1353 2078 1468 2109 uisum
1486 2081 1539 2110 est
1558 2078 1721 2120 Scaligeri

178 2131 371 2168 consilium,
398 2141 460 2172 ego
486 2141 603 2162 rursus
630 2141 709 2161 cum
736 2130 904 2171 Pingraeo
928 2130 1037 2171 ipsius
1062 2130 1229 2161 iudicium
1255 2130 1360 2161 miror
1451 2132 1492 2163 '74
1517 2129 1720 2171 spumigeris

179 2183 253 2221 LM,
278 2181 473 2223 spumiferis
498 2181 535 2220 G,
561 2185 601 2213 ut
624 2181 808 2222 spumifero
832 2181 911 2212 libri
935 2181 1121 2212 deteriores
1145 2192 1207 2222 pro
1230 2181 1419 2221 spumiqero
1444 2180 1544 2212 Ouid.
1570 2184 1652 2212 met.
1679 2189 1720 2212 XI

183 2236 244 2266 140
338 2236 379 2267 '75
401 2233 614 2274 praeualidas
638 2232 718 2271 GL2,
741 2232 953 2273 praeualides
975 2232 1012 2271 L,
1035 2232 1239 2274 praeualidis
1261 2232 1297 2263 M
1386 2233 1477 2263 torto
1499 2232 1545 2270 M,
1568 2233 1641 2264 toto
1664 2231 1719 2264 GL

179 2288 220 2317 ut
239 2294 253 2316 1
272 2286 336 2316 332
357 2295 487 2321 omnes,
509 2295 528 2315 a
550 2284 719 2315 Becherto
740 2284 881 2315 demum
901 2283 1129 2315 suadentibus
1149 2283 1315 2315 Stoebero
1335 2286 1370 2314 et
1390 2282 1509 2314 Ellisio
1528 2286 1719 2324 receptum,

180 2337 240 2377 qui
260 2347 396 2377 gyrum,
418 2336 501 2376 quia
522 2339 636 2366 tortus
657 2335 713 2372 sit,
735 2338 869 2366 tortum
891 2335 1008 2366 uocari
1028 2335 1164 2371 nolunt,
1186 2345 1265 2366 cum
1286 2338 1406 2366 tamen
1426 2345 1552 2366 curuus
1573 2338 1721 2366 uocatur

179 2398 259 2428 pan.
284 2386 434 2418 Messall.
458 2387 499 2418 94
591 2386 663 2427 giro
687 2386 752 2425 GL,
777 2386 874 2427 guiro
896 2386 943 2425 M,
967 2386 1087 2417 subest
1109 2397 1200 2426 quro,
1225 2389 1265 2417 ut
1288 2385 1414 2417 Catull.
1439 2387 1480 2417 66
1505 2387 1523 2417 6
1545 2386 1720 2426 9uioclero,

177 2439 213 2469 id
237 2442 290 2469 est
312 2448 392 2478 quro
415 2438 500 2469 circo
593 2440 634 2471 76
657 2439 693 2469 at
715 2447 796 2469 cum
819 2437 885 2476 GL,
909 2437 930 2469 d
953 2437 1056 2469 deum
1078 2437 1125 2476 M,
1150 2438 1214 2468 hoc
1238 2440 1291 2468 est
1315 2437 1359 2468 ad
1381 2447 1480 2474 cum3
1518 2437 1592 2468 sine
1615 2447 1719 2468 causa

180 2489 330 2530 Scaliger
346 2492 413 2519 (cut.
462 2492 495 2519 at
512 2488 683 2529 particula
699 2489 882 2529 aptissima
897 2492 950 2520 est
965 2501 972 2523 ;
1002 2499 1096 2525 nam,
1114 2499 1193 2519 cum
1209 2498 1329 2519 uersus
1345 2489 1431 2519 73-5
1448 2488 1493 2519 ad
1508 2488 1722 2519 domituram

181 2551 350 2581 equorum
370 2540 580 2581 pertineant,
601 2551 693 2570 nunc
710 2550 802 2570 noua
820 2540 990 2571 subicitur
1006 2540 1121 2580 imago
1140 2540 1211 2570 iam
1225 2539 1438 2570 domitorum
1451 2539 1530 2570 circi
1547 2542 1723 2570 certamen

181 2592 379 2623 ineuntium
472 2594 512 2624 77
548 2591 720 2631 exagitare
756 2590 837 2629 GL2‚
874 2591 1031 2632 exagiare
1066 2591 1129 2623 LM
1214 2591 1316 2632 feros,
1353 2601 1471 2631 equos,
1508 2590 1605 2622 cuius
1640 2601 1723 2622 usus

181 2653 314 2674 nouum
334 2653 373 2673 ac
394 2642 520 2673 mirum
540 2642 738 2683 exemplum
758 2642 941 2674 thesaurus
960 2642 1040 2683 ling.
1063 2643 1140 2673 Lat.
1162 2651 1199 2673 VI
1218 2653 1251 2683 p.
1274 2643 1337 2674 606
1358 2643 1399 2673 60
1421 2642 1554 2683 profert
1576 2651 1619 2672 ex
1642 2641 1721 2673 Sen.

182 2694 272 2727 Η.Ο.
306 2695 366 2726 851
460 2703 608 2733 pronum
638 2693 762 2724 anteire
794 2694 943 2725 uolantes
974 2694 1025 2725 ita
1056 2693 1245 2734 Vergilium
1276 2696 1419 2734 superat
1448 2696 1489 2724 ut
1520 2692 1670 2723 uicissim
1702 2703 1723 2724 a

183 2746 325 2778 Sidonio
345 2748 537 2786 superetur,
558 2755 662 2775 carm.
685 2753 782 2775 XXIII
801 2745 909 2776 350-5
929 2745 1057 2776 instant
1075 2745 1264 2776 uerberibus
1283 2744 1386 2776 simul
1404 2747 1545 2784 reyentee
1567 2741 1571 2786 ί
1591 2743 1724 2783 iamque

183 2801 212 2828 et
233 2800 366 2837 pectora
387 2806 496 2836 prona
520 2795 557 2826 de
581 2795 725 2826 couinno
747 2794 751 2839 Ι
771 2796 896 2827 extensi
919 2796 1101 2836 rapiuntur
1125 2799 1153 2827 et
1176 2796 1303 2837 iuqales
1325 2794 1329 2839 Ι
1350 2799 1442 2827 trans
1465 2805 1574 2826 armo-3
1591 2793 1724 2835 feriunt
