1855 3088
587 124 1070 168 ASTRONOMICON
1100 124 1141 166 V
1574 128 1625 166 21

259 237 326 279 ille
345 237 428 279 cito
447 241 569 278 motu
586 236 741 291 rigidos
760 236 924 278 eludere
945 241 1124 285 caestus,

260 326 371 353 nunc
390 312 501 353 exire
520 311 623 352 leuis
642 311 789 352 missas
808 325 920 352 nunc
940 311 1109 352 mittere
1128 310 1304 364 palmas,

142 393 206 424 165
259 386 327 427 ille
345 385 475 440 pilam
494 385 615 427 celeri
634 385 865 440 fugientem
883 385 1055 426 reddere
1075 385 1223 438 planta

261 465 305 501 et
322 459 499 514 pedibus
518 474 692 514 pensare
711 473 861 500 manus
882 464 925 500 et
944 458 1084 499 ludere
1105 459 1237 499 fulcro

261 533 568 588 mobilibusque
587 533 693 575 citos
711 533 820 574 ictus
839 533 1067 587 glomerare
1087 532 1265 581 lacertis,

191 676 313 708 missus
331 687 485 708 carcere:
516 677 642 708 iterum
660 676 749 707 sumi
765 678 882 717 potest
899 675 1012 713 abibit,
1032 675 1091 706 sed
1110 685 1179 716 quo
1198 685 1299 706 sensu
1318 675 1486 716 Vergilius
1505 676 1589 707 Aen.
1611 685 1632 707 v

103 728 167 759 318
180 728 313 767 primus
328 728 443 769 inquit
459 727 527 758 abit
539 728 574 758 N
576 727 648 759 isus
662 739 670 765 ;
695 728 750 758 cui
765 726 841 758 loco
858 737 1038 768 perperam
1054 726 1237 757 thesaurus
1252 725 1334 767 ling.
1354 726 1430 758 Lat.
1449 736 1463 758 1
1479 737 1512 768 p.
1533 728 1573 758 70
1592 729 1630 759 61

103 778 209 810 adicit
226 779 314 811 Stat.
334 778 439 810 Theb.
459 787 498 810 VI
513 780 574 810 481
669 779 799 810 minore
817 788 896 809 cum
913 777 1151 818 supralatione
1169 777 1301 809 Statius
1319 777 1425 808 Theb.
1445 786 1484 808 vi
1500 779 1564 810 469
1582 789 1632 820 sq.

103 829 244 861 uixdum
265 833 396 869 coeptus
418 830 510 870 equis
528 830 618 861 labor
637 833 665 860 et
684 830 754 860 iam
773 829 913 868 puluere
935 832 1049 869 quarto
1072 827 1075 871 Ι
1095 838 1251 867 campum
1274 829 1391 860 ineunt
1482 832 1634 863 163—167

102 880 292 913 infinitiuos
316 881 443 912 eludere
468 881 555 912 exire
580 881 704 912 mittere
728 880 859 911 reddere
882 890 1023 920 pensare
1048 879 1158 910 ludere
1181 879 1358 919 qlomerare
1384 891 1405 910 a
1428 884 1544 920 potens
1572 883 1635 913 168

102 932 250 973 pendere
272 935 452 964 senserunt
473 932 588 973 Fayus
610 935 646 964 et
661 931 885 963 Marklandus
902 931 947 962 ad
963 931 1052 963 Stat.
1070 931 1145 962 silu.
1165 940 1189 962 v
1204 932 1224 963 3
1244 932 1305 962 156
1397 934 1459 965 163
1481 934 1578 964 motu
1599 932 1635 964 M

103 983 193 1015 sicut
213 984 404 1015 coniecerat
423 983 602 1015 Turnebus
622 983 701 1014 adu.
725 991 824 1014 XXIII
842 993 869 1014 c.
892 984 946 1020 27,
967 982 1111 1014 moritur
1132 981 1186 1013 GL
1206 982 1280 1014 cod.
1304 983 1467 1020 Venetus,
1489 984 1636 1015 monitus

104 1034 178 1066 cod.
202 1034 292 1066 Flor.
385 1037 448 1068 164
467 1034 560 1066 laud.
584 1034 651 1065 Pis.
678 1036 738 1066 180
760 1034 867 1065 uitare
887 1034 1001 1071 simul,
1023 1033 1126 1064 simul
1147 1036 1176 1064 et
1196 1037 1328 1074 captare
1346 1038 1516 1074 petentem.
1562 1036 1635 1076 pal-

104 1096 238 1117 marum
256 1086 427 1118 caestibus
443 1087 648 1117 innexarum
666 1086 795 1117 mentio
813 1085 854 1116 fit
871 1086 970 1126 Verg.
990 1085 1074 1116 Aen.
1094 1094 1117 1115 v
1134 1087 1210 1122 425,
1230 1084 1305 1117 Val.
1324 1085 1377 1116 ΕΙ.
1396 1095 1433 1117 IV
1454 1088 1526 1123 165,
1545 1088 1609 1119 253
1625 1099 1632 1124 3

102 1147 214 1178 neque
232 1147 366 1178 semper
385 1147 580 1178 compressa
597 1137 657 1168 sed
676 1136 852 1168 interdum
870 1139 1029 1177 porrecta
1051 1135 1168 1177 palma
1187 1136 1367 1173 feriebant,
1386 1140 1523 1177 πλατείᾳ
1539 1141 1631 1179 χειρί,

104 1191 144 1219 ut
165 1188 317 1228 Amycus
339 1188 479 1220 Theocr.
504 1196 587 1219 xxn
610 1189 668 1219 121
764 1190 826 1221 165
852 1190 915 1220 166
936 1187 1008 1228 pila
1028 1186 1200 1228 pugilatui
1222 1187 1391 1219 subicitur
1412 1189 1518 1220 etiam
1539 1188 1633 1221 laud.

104 1239 170 1270 Pis.
202 1240 329 1271 178-87
421 1242 483 1273 165
508 1239 640 1279 pilam.
661 1263 668 1270 .
688 1263 695 1270 .
708 1238 893 1279 fuqientem
919 1238 1059 1275 reddere,
1086 1238 1179 1270 laud.
1210 1239 1276 1270 Pis.
1308 1240 1413 1271 185-7
1440 1240 1607 1271 uolantem
1628 1240 1633 1284 Ι

104 1293 162 1321 aut
176 1290 342 1330 qeminare
362 1290 492 1330 pilam
514 1290 612 1321 iuuat
639 1293 697 1321 aut
724 1299 876 1320 reuocare
903 1289 1071 1320 cadentem
1091 1288 1095 1332 Ι
1115 1293 1144 1320 et
1171 1300 1239 1320 non
1265 1294 1395 1329 sperato
1413 1290 1636 1331 fuqientem

103 1341 261 1373 reddere
276 1345 367 1381 ¹(qe-stu
454 1341 584 1372 reddere
598 1341 727 1381 planta,
745 1351 816 1372 non
833 1351 938 1372 manu
955 1341 1015 1372 sed
1031 1339 1104 1372 solo
1116 1341 1214 1381 pedis
1226 1342 1386 1381 opposito
1398 1346 1612 1382 repercutere
1628 1356 1636 1381 ;

104 1393 164 1433 qui
183 1393 277 1434 quod
296 1393 340 1424 ad
358 1391 453 1424 lusus
472 1392 773 1424 exercitationisue
792 1402 899 1433 genus
918 1392 1092 1432 pertineat
1111 1395 1238 1432 gestus,
1259 1393 1287 1423 si
1307 1392 1496 1425 Salmasius
1515 1405 1635 1432 essem,

104 1454 325 1485 quaererem:
364 1455 455 1476 nunc
481 1444 584 1476 homo
610 1443 767 1475 mortalis
791 1444 876 1475 satis
900 1443 1012 1474 habeo
1036 1444 1204 1484 scriptum
1229 1444 1460 1485 interpretari.
1509 1446 1637 1478 Seneca

105 1495 245 1536 quidem
266 1495 308 1527 de
330 1495 406 1526 ben.
429 1503 459 1526 11
481 1496 520 1526 17
541 1497 562 1526 4
582 1494 615 1526 si
633 1504 709 1526 cum
729 1495 901 1526 exercitato
922 1498 951 1525 et
971 1494 1060 1525 docto
1081 1495 1248 1534 neyotium
1268 1499 1324 1532 est,
1347 1496 1510 1528 audacius
1528 1497 1637 1537 pilam

105 1545 270 1578 mittemus
283 1557 296 1583 ,·
333 1549 507 1586 utcumque
531 1545 622 1577 enirn
646 1545 784 1583 uenerit,
811 1555 933 1577 manus
958 1545 1054 1576 illam
1079 1545 1231 1585 expedita
1256 1549 1286 1577 et
1310 1547 1410 1586 aqilis
1434 1549 1635 1588 repercutiet.

195 1600 258 1631 166
283 1606 424 1639 pensare
452 1597 526 1628 cod.
557 1596 670 1634 Bodl„
698 1597 832 1638 pinsare
861 1596 952 1628 GLM
1040 1597 1150 1629 fulcro
1180 1597 1459 1636 Bonincontrius,
1487 1601 1581 1640 quod
1609 1601 1637 1632 si

105 1659 175 1681 non
195 1652 381 1680 uenustum
403 1651 441 1680 at
462 1651 554 1680 certe
575 1651 737 1689 argutum
759 1651 822 1685 est,
844 1648 932 1680 fulto
954 1647 1067 1680 GLM:
1097 1648 1235 1689 fuldam
1255 1660 1318 1690 pro
1333 1649 1483 1690 fulcrum
1504 1652 1637 1683 codices

105 1700 194 1732 Non.
217 1711 250 1742 p.
273 1701 338 1732 206
359 1699 482 1740 (Lucil.
503 1699 563 1730 lib.
587 1701 649 1739 IV).
697 1699 782 1731 haec
803 1700 882 1736 tria,
902 1699 1013 1739 pilam
1033 1699 1165 1731 reddere
1182 1700 1313 1739 planta,
1334 1701 1476 1740 pedibus
1495 1713 1636 1742 pensare

106 1762 236 1788 manus,
253 1751 362 1782 ludere
370 1751 491 1792 fulcro,
507 1761 614 1782 unam
628 1761 701 1782 rem
717 1750 906 1782 declarant.
954 1750 1064 1781 ludere
1073 1750 1183 1791 fulcro
1199 1752 1271 1783 siue
1286 1751 1371 1789 solo,
1387 1753 1432 1784 ad
1446 1753 1636 1786 ludendum

106 1803 159 1835 uti
184 1802 326 1835 abutiue
351 1813 392 1834 ea
416 1805 516 1843 parte
541 1802 692 1843 corporis
718 1812 788 1842 qua
813 1801 955 1833 fulcitur
980 1812 1020 1833 ac
1043 1803 1244 1840 sustinetur,
1269 1813 1348 1834 cum
1371 1807 1500 1842 tamen,
1525 1809 1565 1837 ut
1588 1807 1638 1838 ait

106 1853 256 1886 Galenus
282 1854 420 1885 Kuehn.
448 1852 517 1885 uol.
543 1862 566 1884 V
592 1864 625 1894 p.
653 1854 716 1885 903
744 1854 831 1893 (περὶ
855 1856 909 1884 τοῦ
936 1855 987 1884 διὰ
1012 1855 1074 1892 τῆσ
1103 1857 1241 1894 σμικρᾶσ
1266 1857 1410 1896 σφαίραο·
1434 1860 1636 1898 γυμνασίου),

106 1907 316 1945 ὲδραιοτάτησ
344 1907 393 1936 δεῖ
419 1907 479 1943 τῆσ
505 1906 636 1945 βάσεωσ·
660 1907 692 1936 ἐν
715 1904 761 1944 τῷ
784 1907 915 1944 τοιούτῳ
940 1906 1035 1944 πόνῳ.
1086 1905 1165 1936 uide
1192 1905 1275 1936 Hor.
1302 1916 1401 1937 serm.
1432 1916 1445 1937 1
1473 1909 1492 1938 2
1522 1909 1562 1940 87
1586 1919 1636 1950 sq.

100 1955 208 1997 facies
225 1980 232 1987 .
248 1980 255 1987 .
272 1981 278 1987 .
293 1956 407 1987 decora
428 1954 432 1999 Ι
453 1956 547 1987 molli
556 1955 648 1996 fulta
661 1955 744 1995 pede
759 1959 815 1992 est,
833 1956 852 1987 3
869 1957 910 1986 47
927 1965 977 1996 sq.
996 1955 1093 1986 illum
1107 1980 1113 1986 .
1130 1980 1136 1987 .
1153 1980 1159 1986 .
1172 1956 1294 1996 prauis
1304 1957 1432 1997 fultum
1448 1959 1533 1990 male
1548 1960 1636 1997 talis,

107 2008 188 2039 Isid.
207 2008 289 2049 orig.
308 2016 348 2038 xr
365 2009 379 2038 1
401 2008 463 2038 115
479 2007 586 2037 solum
599 2006 697 2046 pedis
713 2007 867 2047 (dicitur)
884 2006 970 2046 quod
981 2009 1081 2037 totam
1092 2007 1239 2046 corporis
1251 2008 1367 2039 molem
1377 2013 1505 2049 portat:
1531 2011 1635 2044 Arist.

106 2059 186 2093 hist.
204 2069 259 2090 an.
276 2069 309 2100 p.
328 2057 413 2090 689b
433 2059 472 2089 18
488 2068 537 2099 sq.
552 2058 794 2098 quadrupedes
811 2058 941 2089 diutius
957 2068 1064 2098 quam
1079 2058 1236 2090 homines
1252 2063 1344 2091 stare
1360 2071 1459 2101 posse
1475 2062 1639 2095 dicuntur

106 2112 318 2149 ὑποκειμένων
335 2111 494 2150 τεττάρων
511 2112 712 2149 ε’ρεισμάτων.
763 2109 858 2150 quod
880 2108 955 2140 cod.
973 2108 1064 2140 Flor.
1088 2111 1271 2151 supposuit
1293 2111 1380 2142 saltu
1402 2113 1504 2144 nimis
1526 2114 1637 2155 publi-

105 2172 185 2193 cum
198 2165 234 2194 et
247 2171 429 2192 commune
442 2163 505 2197 est,
520 2171 631 2201 neque
645 2161 736 2192 enim
750 2161 815 2192 hoc
829 2171 930 2192 uersu
944 2161 1127 2201 significari
1141 2172 1240 2202 posse
1254 2166 1340 2203 puto
1355 2173 1445 2204 quae
1461 2165 1637 2198 Oribasius

106 2213 149 2245 de
167 2215 316 2252 με’γάλησ
333 2214 477 2253 σφαίρασ
493 2212 738 2243 exercitatione
758 2211 865 2243 habet
885 2211 1017 2243 collect.
1041 2212 1129 2243 med.
1152 2221 1191 2244 VI
1210 2214 1252 2244 32
1273 2214 1339 2253 (ed.
1362 2215 1439 2246 Par.
1464 2217 1544 2248 1851
1568 2217 1637 2249 uol.

106 2273 120 2296 1
142 2275 174 2306 p.
200 2265 278 2303 530)
303 2265 402 2295 ἐνίοτε
427 2265 479 2294 καὶ
502 2265 555 2294 ἐπὶ
578 2265 679 2304 ἄκρων
702 2265 848 2304 βαίνουσι
870 2265 931 2294 τῶν
953 2265 1071 2302 ποδῶν,
1096 2265 1221 2305 ὑψῶσαι
1245 2266 1303 2303 τὴν
1324 2268 1416 2307 χεῖρα
1438 2270 1636 2307 πειρώμενοι·

107 2317 225 2348 ἄλλοτε
256 2317 290 2346 δὲ
321 2317 373 2346 καί
406 2316 607 2353 ἐξάλλονται,
641 2316 704 2353 τῆσ
737 2317 881 2354 σφαίρασ
917 2317 1116 2355 ὑπερπετοῦσ
1151 2318 1338 2356 φερομένησ.
1390 2320 1540 2351 mutatio
1563 2321 1638 2361 ipsa

106 2377 176 2398 non
195 2366 297 2398 nimis
318 2376 444 2406 magna
463 2368 564 2402 esset,
586 2365 801 2397 scribebatur
821 2366 913 2397 enim
933 2365 1026 2402 saltO,
1050 2368 1090 2397 ut
1110 2366 1211 2397 saltos
1231 2375 1276 2398 111
1296 2369 1316 2398 2
1336 2369 1373 2399 in
1393 2368 1456 2401 LM
1477 2373 1512 2401 et
1535 2371 1634 2403 Ouid.

105 2417 175 2449 her.
203 2426 227 2449 v
255 2419 294 2449 17
320 2417 357 2448 in
384 2416 560 2448 Puteaneo
652 2419 715 2450 167
742 2416 913 2457 Scaligero
941 2417 993 2448 ed.
1025 2418 1040 2448 l
1070 2421 1258 2458 praeeunte
1286 2419 1436 2452 Huetius
1463 2425 1545 2453 ante
1575 2425 1636 2454 165

104 2468 241 2501 traiecit
265 2468 391 2500 collato
416 2468 515 2509 Verg.
542 2468 626 2499 Aen.
654 2476 677 2498 v
701 2469 832 2499 457—60
858 2478 948 2499 nunc
972 2467 1084 2499 dextra
1110 2468 1322 2509 inyeminans
1347 2471 1441 2509 ictus,
1468 2483 1559 2504 nunc
1583 2474 1639 2506 ille

104 2520 244 2552 sinistra
260 2544 267 2551 .
287 2543 294 2551 .
313 2543 320 2551 .
339 2518 451 2550 densis
477 2518 597 2550 ictibus
614 2543 621 2550 .
641 2543 647 2550 .
667 2543 675 2550 .
693 2518 800 2550 creber
825 2522 962 2559 utraque
989 2529 1093 2550 manu
1118 2520 1255 2559 pulsam
1297 2522 1387 2554 adde
1414 2523 1491 2555 Val.
1520 2524 1571 2556 Fl.
1600 2534 1638 2557 IV

106 2572 170 2603 306
196 2571 320 2602 crebros
337 2594 344 2602 .
364 2594 371 2601 .
391 2594 397 2602 .
415 2570 558 2610 conqerit
583 2569 679 2607 ictus,
706 2570 795 2602 Stat.
824 2570 930 2602 Theb.
959 2579 973 2602 1
998 2572 1063 2602 418
1089 2581 1138 2612 sq.
1167 2572 1292 2604 crebros
1318 2573 1402 2605 ictus
1419 2599 1426 2605 .
1446 2599 1452 2606 .
1473 2599 1480 2606 .
1499 2576 1636 2615 inyemi-

106 2625 198 2654 nant.
246 2625 337 2653 certe
368 2621 457 2652 ictus
488 2621 660 2662 pugilatui
691 2631 798 2662 quam
829 2621 920 2662 pilae
950 2621 1041 2653 lusui
1072 2623 1224 2664 aptiores
1256 2624 1430 2663 uidentur,
1463 2627 1638 2659 mobilitas

107 2677 226 2705 autem
247 2672 386 2713 utrique
409 2672 600 2703 eommunis
623 2675 686 2709 est,
710 2672 803 2704 laud.
829 2672 896 2704 Pis.
924 2674 986 2705 185
1076 2674 1160 2706 citos
1183 2674 1270 2707 ictus
1295 2674 1376 2714 GU,
1400 2676 1467 2709 cito
1489 2678 1537 2710 sic
1560 2681 1638 2711 tuos

106 2724 170 2757 LM
261 2726 410 2757 168-171
437 2723 490 2754 his
517 2723 672 2754 uersibus
698 2733 769 2755 non
794 2723 890 2755 lusus
917 2727 980 2756 aut
1006 2725 1209 2757 exercitatio
1236 2726 1442 2759 describitur
1468 2729 1528 2760 sed
1555 2730 1637 2762 arti-

106 2776 223 2808 ficium
242 2778 278 2807 et
297 2773 533 2816 spectaculum
552 2774 654 2815 quale
673 2778 709 2806 et
727 2775 793 2816 ipsi
812 2775 847 2806 in
868 2786 991 2807 scaena
1011 2776 1161 2808 uidimus
1181 2780 1216 2809 et
1238 2777 1469 2814 Quintilianus
1490 2791 1637 2813 comme-

108 2830 221 2859 morat
243 2826 323 2858 inst.
348 2835 373 2857 x
397 2827 416 2858 7
442 2827 478 2857 11
506 2826 669 2858 miracula
691 2826 751 2858 illa
774 2827 812 2858 in
834 2828 964 2859 scaenis
983 2828 1186 2868 pilariorum
1209 2839 1247 2860 ac
1270 2830 1515 2870 uentilatorum,
1540 2836 1576 2864 ut
1598 2843 1637 2865 ea
