1855 3088
562 106 754 150 LIBRO
786 106 811 148 I
840 103 1147 149 ADDENDA
1541 105 1621 143 125

136 220 200 252 344
222 218 281 250 Sil.
302 227 357 250 XII
375 219 417 250 58
435 228 486 260 sq.
507 221 648 249 assuetis
660 217 813 259 fulmina
825 217 914 259 ferre
934 215 939 260 Ι
958 216 1138 258 unquibus,
1158 225 1208 247 xv
1226 216 1291 248 404
1309 225 1360 256 sq.
1381 224 1439 246 ceu
1455 239 1461 246 .
1479 238 1486 246 .
1504 238 1511 246 .
1526 217 1621 254 yestet

89 294 97 302 .
114 293 122 301 .
139 293 146 301 .
156 269 318 311 fulmina.

134 323 198 354 346
220 321 303 352 ordo
317 323 370 352 est
386 320 576 361 Delphinus
588 330 725 361 quoque,
737 320 779 352 de
794 330 861 361 quo
876 319 955 351 uide
968 319 1013 351 ad
1027 320 1091 350 780
1103 321 1139 350 et
1152 318 1197 350 ad
1210 317 1292 350 Luc.
1307 326 1348 349 rx
1360 317 1424 349 463
1438 317 1618 349 adnotata.

134 373 198 405 350
220 372 256 403 in
283 372 412 403 Phaed.
440 380 464 403 v
493 373 508 403 1
541 373 555 403 1
585 382 655 403 non
682 371 781 404 licere
808 370 954 403 scribere
981 380 1061 403 cum
1089 369 1245 401 Bentleio
1273 369 1367 410 apud
1399 368 1619 409 Postgatium

90 422 277 454 Demetrius
310 433 366 454 rea:
390 424 454 463 (ita
477 422 552 455 cod.
579 423 758 454 Remensis
782 425 818 453 et
841 422 962 461 tituli),
988 421 1045 461 qui
1070 421 1250 452 Phalereus
1274 419 1381 451 dictus
1406 423 1450 450 est
1474 421 1620 460 apparet

86 484 129 505 ex
147 474 195 505 eis
217 484 305 514 quae
325 474 486 515 exposuit
507 474 667 505 Hauetus
688 474 703 512 ξ
721 474 771 510 12,
793 482 904 514 neque
925 472 1116 504 admodum
1136 471 1250 512 placet
1270 481 1338 508 rex,
1360 470 1418 511 qui
1439 469 1620 501 Phalereus

87 524 194 556 dictus
216 528 270 562 est,
291 525 488 556 Demetrius.
536 525 572 556 in
592 525 706 557 Culice
727 535 788 566 pro
811 524 977 556 Vossiano
999 534 1090 555 nunc
1112 522 1344 554 nominandus
1365 524 1418 553 est
1439 521 1519 553 Vat.
1540 520 1618 552 Lat.

87 576 183 607 2759.

132 629 196 660 352
219 627 317 668 Verg.
339 626 423 658 Aen.
443 635 496 658 vn
517 628 579 658 148
598 626 757 666 lampada
775 626 803 657 P
821 636 882 668 pro
902 624 1067 666 lampade,
1087 624 1177 656 Stat.
1197 624 1305 656 Theb.
1326 632 1381 655 XII
1400 624 1464 655 583
1480 622 1621 663 pallada

89 677 117 709 P
141 688 202 719 pro
226 677 383 718 pallade3
422 678 521 719 Verg.
548 677 632 709 Aen.
660 686 673 708 1
698 679 763 709 504
788 677 895 708 instar
919 677 947 708 F
972 687 1033 718 pro
1066 675 1206 706 instans.
1257 674 1333 706 ‘cui
1364 674 1495 714 lampas
1526 673 1620 704 tertia

88 729 246 760 Housm.’
275 729 562 770 Wageningenus,
591 739 661 760 non
688 728 781 769 quod
808 728 947 759 mentiri
971 727 1085 764 uellet,
1109 727 1169 758 sed
1197 726 1278 767 quia
1305 725 1484 758 mendacia
1509 725 1620 756 uitare

86 791 156 812 non
172 780 339 812 didicerat
354 792 363 818 ;
391 783 427 811 et
443 783 570 821 quotus
583 780 727 821 quisque
743 779 892 812 didicit?
920 779 1013 810 idem
1028 778 1155 809 Mnem.
1172 789 1227 809 an.
1244 778 1327 809 1913
1344 788 1377 818 p.
1394 777 1455 808 199
1471 777 1514 808 de
1529 785 1543 807 1
1556 776 1619 807 812

89 830 257 863 ‘coniecit
283 831 505 863 Housmanus
530 831 687 872 quicquid
710 830 768 862 ubi
793 831 895 861 niteat
919 830 993 861 uice
1018 833 1067 861 eat
1091 839 1157 870 qua
1181 828 1328 869 quodque
1352 827 1535 859 notandum
1560 830 1617 864 est,

87 883 180 923 quod
196 893 308 920 nemo,
325 882 438 920 credo,
455 883 527 914 sine
542 883 735 914 coniectore
750 881 926 923 intelleget
941 881 961 912 '.

132 936 196 967 355
221 933 288 965 ‘ist
319 933 450 973 siqnata
479 934 616 966 einfach
643 928 883 974 Ubersetzung
914 943 983 964 von
1011 931 1270 971 ἐσχημάτισται’
1298 930 1427 962 Bollius
1451 929 1618 961 Deutsch.

88 984 155 1016 Lit.
175 995 231 1016 an.
254 985 338 1016 1906
357 995 391 1026 p.
411 986 487 1022 482,
508 985 568 1026 qui
586 985 615 1016 si
634 984 756 1016 Latine
775 984 904 1016 discere
923 994 1029 1024 quam
1047 983 1168 1015 docere
1188 982 1376 1019 maluisset,
1397 982 1482 1013 scire
1502 981 1619 1023 potuit

86 1038 295 1075 σχηματίζειν
319 1047 391 1068 esse
409 1036 566 1077 fiqurare.
609 1039 761 1068 ceterum
784 1035 889 1067 tertia
907 1035 1104 1067 coniectura
1123 1044 1200 1065 mea
1219 1045 1288 1065 non
1306 1033 1418 1065 solum
1437 1036 1620 1074 propterea

85 1087 314 1128 improbanda
330 1090 382 1119 est
395 1088 488 1128 quod
501 1087 660 1119 Manilius
678 1087 864 1119 uerborum
880 1087 982 1118 tmesi
999 1085 1152 1117 abstinet
1167 1085 1227 1117 sed
1243 1085 1350 1116 etiam
1367 1085 1448 1125 quia
1465 1084 1620 1123 indiynor

86 1148 156 1169 non
181 1149 225 1169 ex
252 1138 290 1168 in
315 1141 351 1170 et
377 1138 494 1178 diynor
519 1138 751 1180 compositum
776 1138 836 1169 sed
863 1137 908 1169 ab
935 1137 1096 1177 indiqnus
1122 1136 1294 1168 adiectiuo
1327 1136 1397 1167 iam
1426 1135 1618 1176 composito

86 1189 231 1221 ductum
247 1192 310 1221 est.
348 1190 384 1221 in
400 1189 499 1221 Lucr.
517 1198 561 1221 111
579 1191 660 1221 1061
677 1199 737 1230 per
752 1199 847 1230 quem
863 1192 1018 1220 tacsumst
1034 1192 1115 1220 ante
1132 1198 1186 1219 me
1206 1187 1383 1228 Bergkius.
1426 1187 1518 1218 Man.
1534 1195 1562 1217 11
1578 1187 1620 1218 28

86 1243 207 1282 postea
223 1240 324 1272 aliter
339 1241 516 1272 constitui.

130 1302 221 1324 nunc
244 1292 395 1333 comperi
417 1292 452 1323 in
475 1292 501 1323 L
522 1295 641 1323 extare
663 1300 811 1333 poenam
833 1290 970 1332 signati,
994 1301 1083 1331 quae
1105 1290 1134 1321 si
1156 1289 1336 1331 archetypi
1358 1289 1459 1321 lectio
1482 1289 1561 1326 fuit,
1584 1292 1620 1320 et

84 1343 331 1375 correctionem
352 1346 470 1384 aperte
491 1342 673 1384 flagitabat
693 1345 729 1374 et
750 1343 867 1384 potuit
887 1342 1009 1374 eodem
1030 1341 1133 1373 modo
1155 1342 1191 1372 in
1212 1340 1241 1372 G
1260 1344 1296 1372 et
1317 1340 1353 1372 M
1373 1340 1507 1381 corrigi,
1529 1341 1619 1372 sicut

87 1403 116 1425 11
146 1394 187 1426 39
217 1394 303 1425 ritus
329 1404 485 1434 pecorum
514 1394 550 1432 L,
579 1404 734 1434 pecorum
763 1394 848 1424 ritus
878 1393 980 1425 metri
1009 1403 1112 1425 causa
1140 1391 1215 1429 GM,
1244 1393 1307 1423 713
1337 1395 1481 1422 constent
1510 1391 1546 1428 L,
1580 1394 1621 1422 -et

87 1444 152 1476 GM
170 1448 311 1486 propter
328 1445 383 1483 sit,
403 1454 446 1476 111
464 1447 506 1476 45
525 1445 576 1477 det
594 1445 630 1482 L,
650 1445 705 1476 dat
724 1444 789 1476 GM
806 1447 948 1486 propter
966 1443 1145 1480 ministrat,
1165 1444 1229 1475 459
1248 1442 1426 1474 dimidiam
1444 1442 1480 1479 L,
1503 1453 1537 1473 -a
1555 1442 1620 1474 GM

86 1499 227 1537 propter
247 1495 337 1534 hora,
358 1505 396 1527 1v
415 1497 479 1528 405
497 1499 633 1536 pereant
653 1496 688 1533 L,
712 1499 758 1527 -at
778 1495 843 1527 GM
861 1498 1002 1537 propter
1022 1498 1144 1525 uenter.
1187 1495 1257 1526 iam
1277 1505 1358 1526 cum
1378 1493 1403 1524 ti
1422 1494 1619 1525 litterarum

86 1557 147 1588 pro
170 1557 194 1578 n
214 1547 421 1588 scriptarum
442 1547 600 1588 exempla
622 1547 666 1579 ad
688 1556 717 1578 Π
738 1548 758 1578 5
780 1546 968 1584 attulerim,
992 1546 1124 1587 siqnata
1144 1549 1264 1577 autem
1286 1554 1315 1576 11
1336 1545 1400 1577 339
1422 1546 1458 1576 in
1480 1545 1618 1576 sinuata

87 1598 327 1639 corrigendum
353 1598 469 1636 fuerit,
497 1608 541 1630 ex
567 1598 774 1638 siqnatisuas
800 1598 1007 1630 eliciendum
1033 1597 1188 1638 suspicor
1216 1597 1254 1627 in
1278 1606 1421 1637 poenam
1448 1596 1620 1627 sinuans

86 1649 204 1680 ulnas
228 1649 384 1690 iuxtaque
400 1649 547 1681 relictam
564 1649 567 1691 Ι
581 1649 818 1681 Andromedan
832 1661 839 1686 ;
871 1649 1045 1690 Cassiepia
1062 1649 1155 1680 enim
1172 1647 1261 1680 flexa
1280 1647 1451 1685 bracchia,
1471 1657 1619 1688 quorum

87 1700 195 1732 altero
212 1700 458 1732 Andromedan
473 1701 599 1742 tangit,
617 1701 826 1742 protendens
843 1700 1020 1742 figuratur.

132 1753 197 1785 356
220 1752 377 1783 Vossiani
397 1751 555 1783 librarius
576 1762 655 1784 cum
674 1751 777 1792 pistis
797 1751 960 1783 scriberet
979 1750 1086 1791 piscis
1107 1750 1258 1788 uolebat,
1281 1753 1321 1781 ut
1342 1759 1380 1781 Ν
1400 1750 1465 1781 573
1486 1753 1522 1781 et
1543 1751 1618 1781 582.

87 1802 123 1834 in
138 1811 176 1833 IV
192 1803 256 1834 257
273 1803 482 1834 seruandum
499 1803 609 1834 uideri
622 1803 714 1843 pisce
730 1803 774 1834 ad
791 1802 904 1834 locum
920 1802 1109 1843 disputaui.

134 1856 198 1887 363
218 1853 369 1893 primum
389 1854 425 1885 in
445 1854 556 1894 primo
578 1857 755 1885 mutatum
775 1857 829 1885 est
850 1854 957 1885 etiam
979 1853 1081 1884 Mart.
1105 1861 1158 1883 vn
1179 1853 1221 1884 43
1246 1854 1261 1883 1
1284 1855 1320 1884 et
1342 1852 1431 1884 Non.
1455 1862 1488 1893 p.
1512 1853 1577 1884 384
1599 1853 1618 1883 5

87 1904 208 1945 (Lucil.
232 1905 290 1936 lib.
315 1906 433 1944 XXIX).
481 1905 523 1936 de
545 1905 675 1946 duplici
696 1904 850 1936 ablatiuo
873 1904 952 1936 uide
974 1904 1049 1935 Liu.
1073 1912 1195 1935 xxvm
1216 1904 1236 1935 9
1260 1905 1299 1934 15
1322 1903 1383 1934 iret
1403 1903 1484 1934 alter
1505 1903 1621 1934 consul

86 1955 241 1987 sublimis
260 1965 360 1986 curru
380 1956 578 1995 multiiuqis,
599 1956 630 1986 si
649 1956 754 1993 uellet,
777 1955 891 1996 equi83
924 1966 1006 1987 nam
1025 1956 1061 1986 in
1083 1955 1184 1987 Ouid.
1206 1958 1288 1986 met.
1310 1963 1339 1985 Π
1358 1955 1420 1986 531
1442 1965 1493 1995 sq.
1516 1954 1620 1985 habili

86 2007 249 2038 Saturnia
276 2017 376 2038 curru
397 2005 401 2050 Ι
422 2007 604 2047 inqreditur
632 2007 797 2048 liquidum
821 2006 1013 2047 pauonibus
1040 2006 1171 2037 aethera
1195 2006 1298 2046 pictis
1325 2006 1408 2037 ordo
1438 2009 1490 2037 est
1519 2016 1618 2037 curru

85 2058 278 2099 pauonibus
294 2058 409 2089 habili.

135 2111 198 2143 365
222 2118 265 2140 111
287 2110 347 2140 641
373 2112 449 2140 tunc
473 2109 611 2150 (hieme)
634 2109 785 2140 clausum
807 2119 907 2147 mare,
931 2108 1014 2141 Luc.
1038 2117 1078 2139 IX
1102 2109 1166 2140 374
1188 2107 1328 2149 hiemps,
1352 2118 1436 2149 quae
1457 2107 1620 2139 clauserat

90 2170 219 2201 aequor,
238 2161 320 2202 Veg.
340 2171 366 2192 r.
386 2161 457 2192 mil.
476 2170 514 2192 IV
532 2162 573 2193 39
593 2171 630 2192 ex
647 2161 701 2192 die
719 2185 725 2192 .
742 2185 749 2192 .
767 2184 773 2192 .
789 2160 880 2192 tertio
899 2160 975 2192 idus
993 2159 1197 2192 Nouembres
1214 2169 1317 2200 usque
1335 2159 1372 2190 in
1389 2159 1477 2191 diem
1494 2162 1620 2191 sextum

89 2211 165 2243 idus
181 2211 328 2243 Martias
344 2212 453 2243 maria
468 2212 678 2243 clauduntur.

132 2265 196 2296 380
219 2263 384 2295 Plinianis
409 2263 491 2295 locis
515 2264 658 2295 accedat
683 2272 705 2294 v
731 2264 772 2294 87
797 2263 941 2294 maxime
965 2262 1089 2294 mirum
1115 2262 1162 2294 eis
1187 2262 1323 2303 (legatis
1347 2272 1390 2293 ex
1414 2262 1618 2303 Taprobane

89 2314 238 2346 Romam
263 2315 432 2354 aduectis)
460 2318 526 2346 erat
551 2315 684 2346 umbras
709 2325 789 2346 suas
814 2314 852 2345 in
877 2318 1024 2345 nostrum
1049 2314 1176 2345 caelum
1201 2313 1324 2351 cadere,
1351 2323 1419 2345 non
1444 2313 1482 2344 in
1506 2324 1617 2351 suum,

86 2365 246 2405 solemque
262 2365 302 2396 ab
319 2366 417 2397 laeua
433 2366 515 2397 oriri
533 2369 560 2397 et
578 2366 615 2396 in
631 2366 777 2397 dextram
793 2365 934 2397 occidere
950 2365 1064 2405 potius
1080 2375 1180 2405 quam
1200 2375 1215 2396 e
1231 2364 1374 2402 diuerso,
1392 2365 1501 2396 etiam
1518 2365 1616 2396 Varr.

88 2417 107 2447 l.
129 2417 166 2447 L.
187 2425 239 2447 vn
258 2417 277 2448 7
297 2416 369 2448 eius
388 2417 502 2457 templi
521 2417 634 2457 (caeli)
651 2420 762 2457 partes
780 2420 931 2457 quattuor
949 2416 1115 2453 dicuntur,
1136 2415 1275 2447 sinistra
1293 2415 1333 2447 ab
1352 2416 1485 2453 oriente,
1506 2415 1618 2447 dextra

88 2467 127 2498 ab
144 2477 270 2499 occasu.
317 2468 410 2509 quod
426 2472 544 2500 autem
560 2469 702 2500 tertiam
717 2468 887 2500 rationem
904 2468 1201 2509 Pythagoreorum
1216 2478 1288 2499 esse
1304 2467 1389 2504 dixi,
1407 2468 1458 2498 ita
1474 2467 1618 2499 tradunt

88 2518 289 2550 Aristoteles
308 2529 341 2560 p.
362 2519 447 2551 285b
467 2521 552 2550 25-7
571 2522 607 2550 et
625 2519 773 2551 Achilles
793 2519 916 2550 Maass.
937 2529 1061 2550 comm.
1081 2519 1180 2550 Arat.
1200 2529 1234 2560 p.
1255 2519 1296 2549 62
1317 2519 1336 2550 8
1356 2528 1420 2559 sq„
1441 2528 1520 2550 cum
1540 2518 1617 2549 Plu-

86 2570 226 2602 tarchus
251 2573 286 2601 et
312 2570 480 2602 Stobaeus
506 2570 610 2602 Diels.
637 2570 777 2611 doxogr.
805 2569 862 2601 Gr.
889 2580 922 2611 p.
950 2570 1013 2601 339
1039 2570 1128 2601 hanc
1155 2569 1369 2611 Empedocli,
1397 2569 1615 2610 Pythagorae

87 2621 274 2653 secundam
285 2622 476 2663 adsignent.
515 2622 575 2653 sed
585 2622 692 2652 etiam
705 2624 828 2662 quarto
843 2621 956 2658 modo,
970 2631 1012 2652 ne
1026 2621 1110 2661 quid
1124 2621 1344 2662 inexpertum
1358 2621 1617 2661 relinqueretur,

88 2672 250 2704 dextrum
278 2683 339 2713 pro
369 2673 569 2710 meridiano,
599 2673 777 2704 sinistrum
804 2683 865 2714 pro
894 2672 1160 2714 septentrionali
1187 2672 1379 2710 dicebatur,
1409 2671 1503 2703 Seru.
1533 2672 1617 2702 Aen.

88 2731 117 2754 11
143 2723 207 2755 693
234 2723 389 2754 sinistras
413 2727 526 2763 partes
552 2723 821 2763 septentrionales
848 2733 914 2754 esse
941 2733 1108 2763 auqurum
1134 2723 1319 2764 disciplina
1345 2723 1513 2759 consentit,
1543 2723 1617 2754 Liu.

88 2782 102 2804 1
127 2775 167 2805 18
191 2775 221 2811 7,
246 2774 327 2806 Isid.
351 2775 433 2816 orig.
457 2783 506 2805 XV
527 2776 548 2805 4
570 2775 599 2812 7,
623 2785 665 2806 ne
686 2774 750 2806 hoc
774 2775 914 2816 quidem
936 2775 1008 2806 sine
1030 2785 1145 2812 causa,
1169 2776 1215 2806 ὅτι
1238 2776 1375 2814 καθέδρα
1398 2776 1454 2812 μέν
1479 2777 1545 2805 ἐστι
1568 2777 1620 2805 καὶ

87 2826 207 2858 στάσισ
234 2827 347 2867 ἀρίστη
373 2828 436 2857 τῶν
464 2828 588 2857 οἰωνοῖσ
614 2827 852 2866 μαντευομένων
880 2828 899 2865 ὴ
924 2827 1093 2868 βλέπουσα
1121 2828 1204 2868 πρὸσ
1230 2827 1429 2864 ἀνατολὰσ,.
1445 2827 1559 2857 ..τοῖσ
1588 2827 1620 2857 δὲ
