<?xml version="1.0" encoding="UTF-8"?>
<!DOCTYPE html PUBLIC "-//W3C//DTD XHTML 1.0 Transitional//EN"
    "http://www.w3.org/TR/xhtml1/DTD/xhtml1-transitional.dtd">
<html xmlns="http://www.w3.org/1999/xhtml" xml:lang="en" lang="en">
 <head>
  <title>
</title>
<meta http-equiv="Content-Type" content="text/html;charset=utf-8" />
  <meta name='ocr-system' content='tesseract 3.04.00' />
  <meta name='ocr-capabilities' content='ocr_page ocr_carea ocr_par ocr_line ocrx_word'/>
</head>
<body>
  <div class='ocr_page' id='page_1' title='image "astronomiconrece05maniuoft_0108.png"; bbox 0 0 1855 3088; ppageno 0'>
   <div class='ocr_carea' id='block_1_1' title="bbox 194 93 1132 137">
    <p class='ocr_par' dir='ltr' id='par_1_1' title="bbox 194 93 1132 137">
     <span class='ocr_line' id='line_1_1' title="bbox 194 93 1132 137; baseline -0.001 -1"><span class='ocrx_word' id='word_1_1' title='bbox 194 98 248 136; x_wconf 87' lang='grc'>52</span> <span class='ocrx_word' id='word_1_2' title='bbox 785 94 847 136; x_wconf 91' lang='grc' dir='ltr'>Μ.</span> <span class='ocrx_word' id='word_1_3' title='bbox 880 93 1132 137; x_wconf 90' lang='lat' dir='ltr'><strong>MANILII</strong></span> 
     </span>
    </p>
   </div>
   <div class='ocr_carea' id='block_1_2' title="bbox 226 205 1468 262">
    <p class='ocr_par' dir='ltr' id='par_1_2' title="bbox 226 205 1468 262">
     <span class='ocr_line' id='line_1_2' title="bbox 226 205 1468 262; baseline 0.003 -18"><span class='ocrx_word' id='word_1_4' title='bbox 226 214 297 246; x_wconf 89' lang='lat'>400</span> <span class='ocrx_word' id='word_1_5' title='bbox 351 206 572 262; x_wconf 71' lang='lat' dir='ltr'><strong>protrahet</strong></span> <span class='ocrx_word' id='word_1_6' title='bbox 591 205 808 247; x_wconf 85' lang='lat' dir='ltr'>inmersus.</span> <span class='ocrx_word' id='word_1_7' title='bbox 867 205 971 247; x_wconf 88' lang='lat' dir='ltr'>nihil</span> <span class='ocrx_word' id='word_1_8' title='bbox 990 210 1054 247; x_wconf 89' lang='lat' dir='ltr'>est</span> <span class='ocrx_word' id='word_1_9' title='bbox 1074 206 1227 248; x_wconf 88' lang='lat' dir='ltr'>audere</span> <span class='ocrx_word' id='word_1_10' title='bbox 1246 206 1468 248; x_wconf 87' lang='lat' dir='ltr'>relictum:</span> 
     </span>
    </p>
   </div>
   <div class='ocr_carea' id='block_1_3' title="bbox 353 280 1472 559">
    <p class='ocr_par' dir='ltr' id='par_1_3' title="bbox 353 280 1458 484">
     <span class='ocr_line' id='line_1_3' title="bbox 354 280 1458 336; baseline 0 -14"><span class='ocrx_word' id='word_1_11' title='bbox 354 285 555 336; x_wconf 88' lang='lat' dir='ltr'>quaestus</span> <span class='ocrx_word' id='word_1_12' title='bbox 574 280 793 335; x_wconf 76' lang='lat' dir='ltr'>naufragio</span> <span class='ocrx_word' id='word_1_13' title='bbox 813 280 974 335; x_wconf 81' lang='lat' dir='ltr'>petitur</span> <span class='ocrx_word' id='word_1_14' title='bbox 993 295 1228 336; x_wconf 82' lang='lat' dir='ltr'>corpusque</span> <span class='ocrx_word' id='word_1_15' title='bbox 1247 281 1458 336; x_wconf 74' lang='lat' dir='ltr'>profundo</span> 
     </span>
     <span class='ocr_line' id='line_1_4' title="bbox 353 355 1454 410; baseline 0 -14"><span class='ocrx_word' id='word_1_16' title='bbox 353 355 574 396; x_wconf 86' lang='lat' dir='ltr'>inmissum</span> <span class='ocrx_word' id='word_1_17' title='bbox 593 355 751 409; x_wconf 89' lang='lat' dir='ltr'>pariter</span> <span class='ocrx_word' id='word_1_18' title='bbox 771 369 900 410; x_wconf 89' lang='lat' dir='ltr'>quam</span> <span class='ocrx_word' id='word_1_19' title='bbox 919 355 1076 410; x_wconf 87' lang='lat' dir='ltr'>praeda</span> <span class='ocrx_word' id='word_1_20' title='bbox 1096 355 1331 410; x_wconf 83' lang='lat' dir='ltr'>exquiritur</span> <span class='ocrx_word' id='word_1_21' title='bbox 1349 355 1454 410; x_wconf 86' lang='lat' dir='ltr'>ipsa.</span> 
     </span>
     <span class='ocr_line' id='line_1_5' title="bbox 354 429 1359 484; baseline -0.001 -13"><span class='ocrx_word' id='word_1_22' title='bbox 354 444 430 471; x_wconf 90' lang='lat' dir='ltr'>nec</span> <span class='ocrx_word' id='word_1_23' title='bbox 450 444 613 484; x_wconf 81' lang='lat' dir='ltr'>semper</span> <span class='ocrx_word' id='word_1_24' title='bbox 632 430 745 471; x_wconf 87' lang='lat' dir='ltr'>tanti</span> <span class='ocrx_word' id='word_1_25' title='bbox 764 444 921 470; x_wconf 90' lang='lat' dir='ltr'>merces</span> <span class='ocrx_word' id='word_1_26' title='bbox 941 434 1005 471; x_wconf 88' lang='lat' dir='ltr'>est</span> <span class='ocrx_word' id='word_1_27' title='bbox 1024 444 1157 484; x_wconf 87' lang='lat' dir='ltr'>parua</span> <span class='ocrx_word' id='word_1_28' title='bbox 1177 429 1331 471; x_wconf 90' lang='lat' dir='ltr'>laboris</span> <span class='ocrx_word' id='word_1_29' title='bbox 1351 444 1359 471; x_wconf 91' lang='lat'><strong>:</strong></span> 
     </span>
    </p>

    <p class='ocr_par' dir='ltr' id='par_1_4' title="bbox 354 503 1472 559">
     <span class='ocr_line' id='line_1_6' title="bbox 354 503 1472 559; baseline 0 -14"><span class='ocrx_word' id='word_1_30' title='bbox 354 504 547 545; x_wconf 81' lang='lat' dir='ltr'>censibus</span> <span class='ocrx_word' id='word_1_31' title='bbox 567 509 805 559; x_wconf 83' lang='lat' dir='ltr'>aequantur</span> <span class='ocrx_word' id='word_1_32' title='bbox 825 503 1021 554; x_wconf 85' lang='lat' dir='ltr'>conchae,</span> <span class='ocrx_word' id='word_1_33' title='bbox 1043 504 1317 559; x_wconf 88' lang='lat' dir='ltr'>lapidumque</span> <span class='ocrx_word' id='word_1_34' title='bbox 1336 503 1472 545; x_wconf 89' lang='lat' dir='ltr'>nitore</span> 
     </span>
    </p>
   </div>
   <div class='ocr_carea' id='block_1_4' title="bbox 193 655 1751 2852">
    <p class='ocr_par' dir='ltr' id='par_1_5' title="bbox 193 655 1751 2852">
     <span class='ocr_line' id='line_1_7' title="bbox 194 655 1732 697; baseline 0.001 -10"><span class='ocrx_word' id='word_1_35' title='bbox 194 656 327 692; x_wconf 78' lang='lat' dir='ltr'>aristas,</span> <span class='ocrx_word' id='word_1_36' title='bbox 354 657 401 687; x_wconf 84' lang='lat' dir='ltr'>sic</span> <span class='ocrx_word' id='word_1_37' title='bbox 428 657 636 697; x_wconf 83' lang='lat' dir='ltr'>margaritae</span> <span class='ocrx_word' id='word_1_38' title='bbox 661 655 784 687; x_wconf 80' lang='lat' dir='ltr'>concha</span> <span class='ocrx_word' id='word_1_39' title='bbox 809 655 961 696; x_wconf 85' lang='lat' dir='ltr'>ualloque</span> <span class='ocrx_word' id='word_1_40' title='bbox 986 655 1110 693; x_wconf 88' lang='lat' dir='ltr'>latent,</span> <span class='ocrx_word' id='word_1_41' title='bbox 1137 656 1202 688; x_wconf 91' lang='lat' dir='ltr'>hoc</span> <span class='ocrx_word' id='word_1_42' title='bbox 1228 658 1281 687; x_wconf 87' lang='lat' dir='ltr'>est</span> <span class='ocrx_word' id='word_1_43' title='bbox 1306 655 1399 687; x_wconf 91' lang='lat' dir='ltr'>uallo</span> <span class='ocrx_word' id='word_1_44' title='bbox 1425 655 1576 687; x_wconf 87' lang='lat' dir='ltr'>conchae</span> <span class='ocrx_word' id='word_1_45' title='bbox 1667 657 1732 689; x_wconf 86' lang='lat'>400</span> 
     </span>
     <span class='ocr_line' id='line_1_8' title="bbox 193 706 1730 747; baseline 0 -9"><span class='ocrx_word' id='word_1_46' title='bbox 193 706 363 739; x_wconf 91' lang='lat' dir='ltr'>inmersus</span> <span class='ocrx_word' id='word_1_47' title='bbox 383 707 451 747; x_wconf 89' lang='lat' dir='ltr'>(L2)</span> <span class='ocrx_word' id='word_1_48' title='bbox 471 707 518 746; x_wconf 89' lang='lat' dir='ltr'>M,</span> <span class='ocrx_word' id='word_1_49' title='bbox 539 707 729 738; x_wconf 87' lang='lat' dir='ltr'>immensus</span> <span class='ocrx_word' id='word_1_50' title='bbox 749 706 814 745; x_wconf 88' lang='lat' dir='ltr'>GL,</span> <span class='ocrx_word' id='word_1_51' title='bbox 834 706 1010 738; x_wconf 89' lang='lat' dir='ltr'>inmensos</span> <span class='ocrx_word' id='word_1_52' title='bbox 1030 707 1104 738; x_wconf 89' lang='lat' dir='ltr'>cod.</span> <span class='ocrx_word' id='word_1_53' title='bbox 1128 706 1282 738; x_wconf 88' lang='lat' dir='ltr'>Venetus</span> <span class='ocrx_word' id='word_1_54' title='bbox 1373 706 1461 738; x_wconf 84' lang='lat' dir='ltr'>nihil</span> <span class='ocrx_word' id='word_1_55' title='bbox 1480 710 1526 738; x_wconf 79' lang='lat' dir='ltr'>est</span> <span class='ocrx_word' id='word_1_56' title='bbox 1543 706 1664 738; x_wconf 84' lang='lat' dir='ltr'>audere</span> <span class='ocrx_word' id='word_1_57' title='bbox 1682 717 1730 738; x_wconf 88' lang='lat' dir='ltr'>re-</span> 
     </span>
     <span class='ocr_line' id='line_1_9' title="bbox 194 757 1732 799; baseline 0 -10"><span class='ocrx_word' id='word_1_58' title='bbox 194 758 319 796; x_wconf 82' lang='lat' dir='ltr'>lictum,</span> <span class='ocrx_word' id='word_1_59' title='bbox 342 759 501 790; x_wconf 89' lang='lat' dir='ltr'>relictum</span> <span class='ocrx_word' id='word_1_60' title='bbox 523 769 593 790; x_wconf 92' lang='lat' dir='ltr'>non</span> <span class='ocrx_word' id='word_1_61' title='bbox 615 761 667 790; x_wconf 91' lang='lat' dir='ltr'>est</span> <span class='ocrx_word' id='word_1_62' title='bbox 688 761 729 790; x_wconf 87' lang='lat' dir='ltr'>ut</span> <span class='ocrx_word' id='word_1_63' title='bbox 750 759 939 799; x_wconf 87' lang='lat' dir='ltr'>quicquam</span> <span class='ocrx_word' id='word_1_64' title='bbox 960 758 1162 795; x_wconf 86' lang='lat' dir='ltr'>audeamus,</span> <span class='ocrx_word' id='word_1_65' title='bbox 1186 757 1268 789; x_wconf 91' lang='lat' dir='ltr'>Luc.</span> <span class='ocrx_word' id='word_1_66' title='bbox 1293 766 1316 788; x_wconf 88' lang='lat' dir='ltr'>V</span> <span class='ocrx_word' id='word_1_67' title='bbox 1338 758 1403 789; x_wconf 88' lang='lat'>298</span> <span class='ocrx_word' id='word_1_68' title='bbox 1425 768 1530 789; x_wconf 74' lang='lat' dir='ltr'>mores</span> <span class='ocrx_word' id='word_1_69' title='bbox 1547 782 1554 789; x_wconf 91' lang='lat'>.</span> <span class='ocrx_word' id='word_1_70' title='bbox 1574 781 1582 789; x_wconf 86' lang='lat'>.</span> <span class='ocrx_word' id='word_1_71' title='bbox 1601 782 1608 789; x_wconf 94' lang='lat'>.</span> <span class='ocrx_word' id='word_1_72' title='bbox 1627 757 1732 789; x_wconf 75' lang='lat' dir='ltr'>malo-3</span> 
     </span>
     <span class='ocr_line' id='line_1_10' title="bbox 194 808 1734 850; baseline 0 -10"><span class='ocrx_word' id='word_1_73' title='bbox 194 820 327 850; x_wconf 72' lang='lat' dir='ltr'>sperare</span> <span class='ocrx_word' id='word_1_74' title='bbox 348 809 497 841; x_wconf 79' lang='lat' dir='ltr'>relictum</span> <span class='ocrx_word' id='word_1_75' title='bbox 519 813 565 841; x_wconf 74' lang='lat' dir='ltr'>est</span> <span class='ocrx_word' id='word_1_76' title='bbox 657 809 718 842; x_wconf 84' lang='lat'>401</span> <span class='ocrx_word' id='word_1_77' title='bbox 744 811 904 850; x_wconf 84' lang='lat' dir='ltr'>quaestus</span> <span class='ocrx_word' id='word_1_78' title='bbox 926 809 973 847; x_wconf 90' lang='lat' dir='ltr'>M,</span> <span class='ocrx_word' id='word_1_79' title='bbox 997 811 1135 850; x_wconf 89' lang='lat' dir='ltr'>questus</span> <span class='ocrx_word' id='word_1_80' title='bbox 1158 808 1223 840; x_wconf 91' lang='lat' dir='ltr'>GL.</span> <span class='ocrx_word' id='word_1_81' title='bbox 1271 808 1358 840; x_wconf 90' lang='lat' dir='ltr'>Plin.</span> <span class='ocrx_word' id='word_1_82' title='bbox 1382 809 1452 840; x_wconf 87' lang='lat' dir='ltr'>n.h.</span> <span class='ocrx_word' id='word_1_83' title='bbox 1477 818 1543 840; x_wconf 84' lang='lat' dir='ltr'>XIX</span> <span class='ocrx_word' id='word_1_84' title='bbox 1566 810 1607 840; x_wconf 89' lang='lat'>52</span> <span class='ocrx_word' id='word_1_85' title='bbox 1630 809 1734 849; x_wconf 76' lang='lat' dir='ltr'>merqi</span> 
     </span>
     <span class='ocr_line' id='line_1_11' title="bbox 196 859 1734 901; baseline 0 -9"><span class='ocrx_word' id='word_1_86' title='bbox 196 860 296 897; x_wconf 85' lang='lat' dir='ltr'>enim,</span> <span class='ocrx_word' id='word_1_87' title='bbox 315 861 418 898; x_wconf 87' lang='lat' dir='ltr'>credo,</span> <span class='ocrx_word' id='word_1_88' title='bbox 437 861 474 892; x_wconf 87' lang='lat' dir='ltr'>in</span> <span class='ocrx_word' id='word_1_89' title='bbox 488 860 660 901; x_wconf 83' lang='lat' dir='ltr'>profunda</span> <span class='ocrx_word' id='word_1_90' title='bbox 677 861 785 891; x_wconf 77' lang='lat' dir='ltr'>satius</span> <span class='ocrx_word' id='word_1_91' title='bbox 802 864 847 891; x_wconf 73' lang='lat' dir='ltr'>est</span> <span class='ocrx_word' id='word_1_92' title='bbox 864 864 892 891; x_wconf 90' lang='lat' dir='ltr'>et</span> <span class='ocrx_word' id='word_1_93' title='bbox 909 864 1090 891; x_wconf 76' lang='lat' dir='ltr'>ostrearum</span> <span class='ocrx_word' id='word_1_94' title='bbox 1106 870 1225 900; x_wconf 77' lang='lat' dir='ltr'>qenera</span> <span class='ocrx_word' id='word_1_95' title='bbox 1242 859 1420 900; x_wconf 76' lang='lat' dir='ltr'>naufraqio</span> <span class='ocrx_word' id='word_1_96' title='bbox 1437 860 1568 900; x_wconf 78' lang='lat' dir='ltr'>exquiri</span> <span class='ocrx_word' id='word_1_97' title='bbox 1584 859 1734 892; x_wconf 87' lang='lat' dir='ltr'>contulit</span> 
     </span>
     <span class='ocr_line' id='line_1_12' title="bbox 197 910 1733 952; baseline 0 -9"><span class='ocrx_word' id='word_1_98' title='bbox 197 913 372 943; x_wconf 87' lang='lat' dir='ltr'>Breiterus</span> <span class='ocrx_word' id='word_1_99' title='bbox 465 914 530 945; x_wconf 79' lang='lat'>402</span> <span class='ocrx_word' id='word_1_100' title='bbox 564 911 753 952; x_wconf 80' lang='lat' dir='ltr'>exquiritur</span> <span class='ocrx_word' id='word_1_101' title='bbox 782 911 829 949; x_wconf 90' lang='lat' dir='ltr'>M,</span> <span class='ocrx_word' id='word_1_102' title='bbox 862 911 1038 952; x_wconf 81' lang='lat' dir='ltr'>exequitur</span> <span class='ocrx_word' id='word_1_103' title='bbox 1069 910 1123 942; x_wconf 88' lang='lat' dir='ltr'>GL</span> <span class='ocrx_word' id='word_1_104' title='bbox 1214 921 1277 952; x_wconf 89' lang='lat' dir='ltr'>pro</span> <span class='ocrx_word' id='word_1_105' title='bbox 1307 921 1408 951; x_wconf 86' lang='lat' dir='ltr'>quam</span> <span class='ocrx_word' id='word_1_106' title='bbox 1434 911 1733 952; x_wconf 87' lang='lat' dir='ltr'>Regiomontanus</span> 
     </span>
     <span class='ocr_line' id='line_1_13' title="bbox 197 962 1732 1004; baseline -0.001 -10"><span class='ocrx_word' id='word_1_107' title='bbox 197 974 272 994; x_wconf 86' lang='lat' dir='ltr'>cum</span> <span class='ocrx_word' id='word_1_108' title='bbox 299 963 524 1004; x_wconf 87' lang='lat' dir='ltr'>sequentibus</span> <span class='ocrx_word' id='word_1_109' title='bbox 552 966 587 994; x_wconf 87' lang='lat' dir='ltr'>et</span> <span class='ocrx_word' id='word_1_110' title='bbox 615 963 689 994; x_wconf 86' lang='lat' dir='ltr'>aliis</span> <span class='ocrx_word' id='word_1_111' title='bbox 717 966 752 994; x_wconf 86' lang='lat' dir='ltr'>et</span> <span class='ocrx_word' id='word_1_112' title='bbox 781 962 949 999; x_wconf 86' lang='lat' dir='ltr'>BentleiO,</span> <span class='ocrx_word' id='word_1_113' title='bbox 978 973 1067 1003; x_wconf 89' lang='lat' dir='ltr'>quae</span> <span class='ocrx_word' id='word_1_114' title='bbox 1096 963 1246 993; x_wconf 87' lang='lat' dir='ltr'>mutatio</span> <span class='ocrx_word' id='word_1_115' title='bbox 1273 973 1336 994; x_wconf 89' lang='lat' dir='ltr'>nec</span> <span class='ocrx_word' id='word_1_116' title='bbox 1363 963 1555 994; x_wconf 85' lang='lat' dir='ltr'>necessaria</span> <span class='ocrx_word' id='word_1_117' title='bbox 1581 962 1732 1000; x_wconf 84' lang='lat' dir='ltr'>uidetur,</span> 
     </span>
     <span class='ocr_line' id='line_1_14' title="bbox 197 1013 1734 1056; baseline 0 -10"><span class='ocrx_word' id='word_1_118' title='bbox 197 1015 239 1046; x_wconf 92' lang='lat' dir='ltr'>de</span> <span class='ocrx_word' id='word_1_119' title='bbox 267 1025 336 1055; x_wconf 90' lang='lat' dir='ltr'>quo</span> <span class='ocrx_word' id='word_1_120' title='bbox 364 1018 444 1056; x_wconf 91' lang='lat' dir='ltr'>post</span> <span class='ocrx_word' id='word_1_121' title='bbox 471 1025 648 1055; x_wconf 83' lang='lat' dir='ltr'>quaeram,</span> <span class='ocrx_word' id='word_1_122' title='bbox 677 1024 739 1045; x_wconf 90' lang='lat' dir='ltr'>nec</span> <span class='ocrx_word' id='word_1_123' title='bbox 768 1013 917 1045; x_wconf 88' lang='lat' dir='ltr'>elisionis</span> <span class='ocrx_word' id='word_1_124' title='bbox 944 1014 1088 1045; x_wconf 87' lang='lat' dir='ltr'>raritate</span> <span class='ocrx_word' id='word_1_125' title='bbox 1116 1013 1389 1045; x_wconf 84' lang='lat' dir='ltr'>commendatur.</span> <span class='ocrx_word' id='word_1_126' title='bbox 1438 1013 1615 1045; x_wconf 87' lang='lat' dir='ltr'>eliduntur</span> <span class='ocrx_word' id='word_1_127' title='bbox 1641 1015 1734 1046; x_wconf 81' lang='lat' dir='ltr'>enim</span> 
     </span>
     <span class='ocr_line' id='line_1_15' title="bbox 197 1065 1735 1108; baseline -0.001 -11"><span class='ocrx_word' id='word_1_128' title='bbox 197 1066 292 1108; x_wconf 89' lang='lat' dir='ltr'>apud</span> <span class='ocrx_word' id='word_1_129' title='bbox 316 1066 497 1097; x_wconf 89' lang='lat' dir='ltr'>Manilium</span> <span class='ocrx_word' id='word_1_130' title='bbox 522 1076 624 1097; x_wconf 90' lang='lat' dir='ltr'>uoces</span> <span class='ocrx_word' id='word_1_131' title='bbox 648 1065 856 1106; x_wconf 87' lang='lat' dir='ltr'>spondiacae</span> <span class='ocrx_word' id='word_1_132' title='bbox 882 1065 933 1096; x_wconf 90' lang='lat' dir='ltr'>bis</span> <span class='ocrx_word' id='word_1_133' title='bbox 957 1068 1098 1096; x_wconf 87' lang='lat' dir='ltr'>tantum</span> <span class='ocrx_word' id='word_1_134' title='bbox 1122 1066 1158 1096; x_wconf 92' lang='lat' dir='ltr'>in</span> <span class='ocrx_word' id='word_1_135' title='bbox 1182 1065 1247 1096; x_wconf 90' lang='lat' dir='ltr'>hac</span> <span class='ocrx_word' id='word_1_136' title='bbox 1271 1075 1391 1096; x_wconf 90' lang='lat' dir='ltr'>uersus</span> <span class='ocrx_word' id='word_1_137' title='bbox 1415 1065 1506 1102; x_wconf 89' lang='lat' dir='ltr'>sede,</span> <span class='ocrx_word' id='word_1_138' title='bbox 1530 1073 1555 1096; x_wconf 86' lang='lat' dir='ltr'>V</span> <span class='ocrx_word' id='word_1_139' title='bbox 1580 1066 1643 1097; x_wconf 89' lang='lat'>198</span> <span class='ocrx_word' id='word_1_140' title='bbox 1665 1076 1735 1097; x_wconf 75' lang='lat' dir='ltr'>sese</span> 
     </span>
     <span class='ocr_line' id='line_1_16' title="bbox 198 1116 1735 1158; baseline -0.001 -9"><span class='ocrx_word' id='word_1_141' title='bbox 198 1118 330 1157; x_wconf 78' lang='lat' dir='ltr'>emerqit</span> <span class='ocrx_word' id='word_1_142' title='bbox 352 1121 388 1149; x_wconf 90' lang='lat' dir='ltr'>et</span> <span class='ocrx_word' id='word_1_143' title='bbox 410 1120 576 1158; x_wconf 90' lang='lat' dir='ltr'>sequente</span> <span class='ocrx_word' id='word_1_144' title='bbox 598 1116 840 1158; x_wconf 86' lang='lat' dir='ltr'>monosyllabo</span> <span class='ocrx_word' id='word_1_145' title='bbox 862 1125 901 1147; x_wconf 90' lang='lat' dir='ltr'>1v</span> <span class='ocrx_word' id='word_1_146' title='bbox 920 1117 984 1148; x_wconf 86' lang='lat'>923</span> <span class='ocrx_word' id='word_1_147' title='bbox 1005 1127 1114 1157; x_wconf 84' lang='lat' dir='ltr'>paruo</span> <span class='ocrx_word' id='word_1_148' title='bbox 1134 1117 1172 1147; x_wconf 88' lang='lat' dir='ltr'>in</span> <span class='ocrx_word' id='word_1_149' title='bbox 1191 1126 1335 1156; x_wconf 81' lang='lat' dir='ltr'>corpore,</span> <span class='ocrx_word' id='word_1_150' title='bbox 1354 1119 1533 1157; x_wconf 88' lang='lat' dir='ltr'>praeterea</span> <span class='ocrx_word' id='word_1_151' title='bbox 1554 1117 1675 1154; x_wconf 82' lang='lat' dir='ltr'>sexies,</span> <span class='ocrx_word' id='word_1_152' title='bbox 1699 1118 1735 1149; x_wconf 89' lang='lat' dir='ltr'>in</span> 
     </span>
     <span class='ocr_line' id='line_1_17' title="bbox 198 1168 1736 1210; baseline 0 -10"><span class='ocrx_word' id='word_1_153' title='bbox 198 1169 340 1200; x_wconf 89' lang='lat' dir='ltr'>secundi</span> <span class='ocrx_word' id='word_1_154' title='bbox 364 1169 462 1210; x_wconf 90' lang='lat' dir='ltr'>pedis</span> <span class='ocrx_word' id='word_1_155' title='bbox 487 1171 571 1199; x_wconf 82' lang='grc' dir='ltr'>θέσει</span> <span class='ocrx_word' id='word_1_156' title='bbox 596 1177 609 1199; x_wconf 90' lang='lat'>1</span> <span class='ocrx_word' id='word_1_157' title='bbox 632 1169 708 1205; x_wconf 84' lang='lat'>285,</span> <span class='ocrx_word' id='word_1_158' title='bbox 729 1176 772 1198; x_wconf 90' lang='lat'>111</span> <span class='ocrx_word' id='word_1_159' title='bbox 795 1169 871 1204; x_wconf 85' lang='lat'>344,</span> <span class='ocrx_word' id='word_1_160' title='bbox 892 1176 930 1198; x_wconf 84' lang='lat' dir='ltr'>IV</span> <span class='ocrx_word' id='word_1_161' title='bbox 951 1169 1026 1205; x_wconf 87' lang='lat'>831,</span> <span class='ocrx_word' id='word_1_162' title='bbox 1046 1176 1069 1198; x_wconf 87' lang='lat' dir='ltr'>v</span> <span class='ocrx_word' id='word_1_163' title='bbox 1089 1168 1165 1204; x_wconf 88' lang='grc'>206,</span> <span class='ocrx_word' id='word_1_164' title='bbox 1186 1168 1263 1204; x_wconf 90' lang='grc'>476,</span> <span class='ocrx_word' id='word_1_165' title='bbox 1283 1168 1319 1198; x_wconf 90' lang='lat' dir='ltr'>in</span> <span class='ocrx_word' id='word_1_166' title='bbox 1338 1168 1433 1199; x_wconf 87' lang='lat' dir='ltr'>tertii</span> <span class='ocrx_word' id='word_1_167' title='bbox 1451 1176 1489 1198; x_wconf 90' lang='lat' dir='ltr'>IV</span> <span class='ocrx_word' id='word_1_168' title='bbox 1507 1169 1585 1205; x_wconf 87' lang='lat'>445,</span> <span class='ocrx_word' id='word_1_169' title='bbox 1605 1168 1736 1209; x_wconf 82' lang='lat' dir='ltr'>ubique</span> 
     </span>
     <span class='ocr_line' id='line_1_18' title="bbox 197 1218 1737 1261; baseline 0 -10"><span class='ocrx_word' id='word_1_170' title='bbox 197 1223 280 1251; x_wconf 88' lang='lat' dir='ltr'>ante</span> <span class='ocrx_word' id='word_1_171' title='bbox 304 1219 583 1261; x_wconf 83' lang='lat' dir='ltr'>monosyllabum</span> <span class='ocrx_word' id='word_1_172' title='bbox 607 1222 744 1260; x_wconf 87' lang='lat' dir='ltr'>praeter</span> <span class='ocrx_word' id='word_1_173' title='bbox 768 1228 805 1249; x_wconf 87' lang='lat' dir='ltr'>IV</span> <span class='ocrx_word' id='word_1_174' title='bbox 829 1220 890 1250; x_wconf 89' lang='grc'>831</span> <span class='ocrx_word' id='word_1_175' title='bbox 918 1221 953 1250; x_wconf 90' lang='lat' dir='ltr'>et</span> <span class='ocrx_word' id='word_1_176' title='bbox 976 1227 999 1250; x_wconf 89' lang='lat' dir='ltr'>V</span> <span class='ocrx_word' id='word_1_177' title='bbox 1022 1219 1111 1256; x_wconf 78' lang='lat'>4763</span> <span class='ocrx_word' id='word_1_178' title='bbox 1149 1229 1298 1259; x_wconf 89' lang='lat' dir='ltr'>quorum</span> <span class='ocrx_word' id='word_1_179' title='bbox 1321 1218 1476 1250; x_wconf 84' lang='lat' dir='ltr'>locorum</span> <span class='ocrx_word' id='word_1_180' title='bbox 1500 1229 1579 1250; x_wconf 87' lang='lat' dir='ltr'>cum</span> <span class='ocrx_word' id='word_1_181' title='bbox 1603 1229 1692 1251; x_wconf 87' lang='lat' dir='ltr'>unus</span> <span class='ocrx_word' id='word_1_182' title='bbox 1716 1230 1737 1251; x_wconf 89' lang='lat' dir='ltr'>a</span> 
     </span>
     <span class='ocr_line' id='line_1_19' title="bbox 199 1270 1734 1311; baseline 0 -9"><span class='ocrx_word' id='word_1_183' title='bbox 199 1271 360 1303; x_wconf 88' lang='lat' dir='ltr'>Cramero</span> <span class='ocrx_word' id='word_1_184' title='bbox 384 1271 427 1302; x_wconf 92' lang='lat' dir='ltr'>de</span> <span class='ocrx_word' id='word_1_185' title='bbox 450 1271 543 1302; x_wconf 85' lang='lat' dir='ltr'>Man.</span> <span class='ocrx_word' id='word_1_186' title='bbox 569 1270 651 1302; x_wconf 88' lang='lat' dir='ltr'>eloc.</span> <span class='ocrx_word' id='word_1_187' title='bbox 678 1281 735 1311; x_wconf 90' lang='lat' dir='ltr'>pp.</span> <span class='ocrx_word' id='word_1_188' title='bbox 763 1271 803 1301; x_wconf 87' lang='lat'>15</span> <span class='ocrx_word' id='word_1_189' title='bbox 827 1280 877 1310; x_wconf 89' lang='lat' dir='ltr'>sq.</span> <span class='ocrx_word' id='word_1_190' title='bbox 903 1271 1166 1311; x_wconf 88' lang='lat' dir='ltr'>praetermissus</span> <span class='ocrx_word' id='word_1_191' title='bbox 1189 1273 1290 1306; x_wconf 89' lang='lat' dir='ltr'>esset,</span> <span class='ocrx_word' id='word_1_192' title='bbox 1314 1280 1376 1301; x_wconf 91' lang='lat' dir='ltr'>nec</span> <span class='ocrx_word' id='word_1_193' title='bbox 1400 1270 1658 1311; x_wconf 87' lang='lat' dir='ltr'>Wageningeno</span> <span class='ocrx_word' id='word_1_194' title='bbox 1681 1270 1734 1302; x_wconf 87' lang='lat' dir='ltr'>ed.</span> 
     </span>
     <span class='ocr_line' id='line_1_20' title="bbox 200 1321 1736 1364; baseline -0.001 -10"><span class='ocrx_word' id='word_1_195' title='bbox 200 1323 332 1354; x_wconf 88' lang='lat' dir='ltr'>Teubn.</span> <span class='ocrx_word' id='word_1_196' title='bbox 350 1334 408 1364; x_wconf 87' lang='lat' dir='ltr'>pp.</span> <span class='ocrx_word' id='word_1_197' title='bbox 429 1324 491 1354; x_wconf 87' lang='lat'>184</span> <span class='ocrx_word' id='word_1_198' title='bbox 508 1333 558 1363; x_wconf 91' lang='lat' dir='ltr'>sq.</span> <span class='ocrx_word' id='word_1_199' title='bbox 577 1333 638 1353; x_wconf 91' lang='lat' dir='ltr'>nec</span> <span class='ocrx_word' id='word_1_200' title='bbox 656 1321 812 1353; x_wconf 79' lang='lat' dir='ltr'>Garrodo</span> <span class='ocrx_word' id='word_1_201' title='bbox 829 1321 875 1352; x_wconf 87' lang='lat' dir='ltr'>ad</span> <span class='ocrx_word' id='word_1_202' title='bbox 891 1330 919 1352; x_wconf 88' lang='lat'>11</span> <span class='ocrx_word' id='word_1_203' title='bbox 936 1322 998 1352; x_wconf 87' lang='lat'>747</span> <span class='ocrx_word' id='word_1_204' title='bbox 1016 1324 1121 1352; x_wconf 80' lang='lat' dir='ltr'>notus</span> <span class='ocrx_word' id='word_1_205' title='bbox 1138 1332 1210 1352; x_wconf 92' lang='lat' dir='ltr'>esse</span> <span class='ocrx_word' id='word_1_206' title='bbox 1223 1321 1351 1362; x_wconf 88' lang='lat' dir='ltr'>potuit,</span> <span class='ocrx_word' id='word_1_207' title='bbox 1365 1322 1425 1362; x_wconf 91' lang='lat' dir='ltr'>qui</span> <span class='ocrx_word' id='word_1_208' title='bbox 1441 1332 1484 1352; x_wconf 89' lang='lat' dir='ltr'>ne</span> <span class='ocrx_word' id='word_1_209' title='bbox 1497 1321 1584 1353; x_wconf 92' lang='lat' dir='ltr'>illud</span> <span class='ocrx_word' id='word_1_210' title='bbox 1595 1322 1736 1363; x_wconf 88' lang='lat' dir='ltr'>quidem</span> 
     </span>
     <span class='ocr_line' id='line_1_21' title="bbox 200 1372 1737 1414; baseline -0.001 -8"><span class='ocrx_word' id='word_1_211' title='bbox 200 1375 441 1411; x_wconf 83' lang='lat' dir='ltr'>meminerant,</span> <span class='ocrx_word' id='word_1_212' title='bbox 458 1385 492 1405; x_wconf 87' lang='lat' dir='ltr'>se</span> <span class='ocrx_word' id='word_1_213' title='bbox 507 1384 609 1405; x_wconf 91' lang='lat' dir='ltr'>uersu</span> <span class='ocrx_word' id='word_1_214' title='bbox 624 1383 652 1404; x_wconf 89' lang='lat'>11</span> <span class='ocrx_word' id='word_1_215' title='bbox 666 1374 742 1410; x_wconf 77' lang='lat'>542,</span> <span class='ocrx_word' id='word_1_216' title='bbox 758 1383 801 1404; x_wconf 91' lang='lat' dir='ltr'>ne</span> <span class='ocrx_word' id='word_1_217' title='bbox 816 1383 929 1404; x_wconf 90' lang='lat' dir='ltr'>meam</span> <span class='ocrx_word' id='word_1_218' title='bbox 944 1374 1093 1414; x_wconf 87' lang='lat' dir='ltr'>recipere</span> <span class='ocrx_word' id='word_1_219' title='bbox 1109 1376 1323 1413; x_wconf 82' lang='lat' dir='ltr'>cogerentur,</span> <span class='ocrx_word' id='word_1_220' title='bbox 1339 1373 1384 1404; x_wconf 87' lang='lat' dir='ltr'>ad</span> <span class='ocrx_word' id='word_1_221' title='bbox 1400 1372 1539 1404; x_wconf 89' lang='lat' dir='ltr'>Bentlei</span> <span class='ocrx_word' id='word_1_222' title='bbox 1552 1373 1737 1405; x_wconf 90' lang='lat' dir='ltr'>lectionem</span> 
     </span>
     <span class='ocr_line' id='line_1_22' title="bbox 201 1423 1737 1466; baseline -0.001 -9"><span class='ocrx_word' id='word_1_223' title='bbox 201 1426 406 1466; x_wconf 67' lang='lat' dir='ltr'>confugisse,</span> <span class='ocrx_word' id='word_1_224' title='bbox 432 1435 544 1466; x_wconf 88' lang='lat' dir='ltr'>neque</span> <span class='ocrx_word' id='word_1_225' title='bbox 569 1427 632 1456; x_wconf 85' lang='lat' dir='ltr'>aut</span> <span class='ocrx_word' id='word_1_226' title='bbox 656 1424 754 1461; x_wconf 85' lang='lat' dir='ltr'>alter,</span> <span class='ocrx_word' id='word_1_227' title='bbox 780 1424 865 1465; x_wconf 90' lang='lat' dir='ltr'>quid</span> <span class='ocrx_word' id='word_1_228' title='bbox 889 1424 954 1455; x_wconf 90' lang='lat' dir='ltr'>hoc</span> <span class='ocrx_word' id='word_1_229' title='bbox 978 1423 1054 1455; x_wconf 92' lang='lat' dir='ltr'>loco</span> <span class='ocrx_word' id='word_1_230' title='bbox 1079 1426 1114 1455; x_wconf 93' lang='lat' dir='ltr'>et</span> <span class='ocrx_word' id='word_1_231' title='bbox 1139 1432 1152 1454; x_wconf 95' lang='lat'>1</span> <span class='ocrx_word' id='word_1_232' title='bbox 1176 1425 1240 1455; x_wconf 90' lang='lat'>213</span> <span class='ocrx_word' id='word_1_233' title='bbox 1266 1423 1341 1464; x_wconf 90' lang='lat' dir='ltr'>(ubi</span> <span class='ocrx_word' id='word_1_234' title='bbox 1365 1423 1445 1455; x_wconf 92' lang='lat' dir='ltr'>uide</span> <span class='ocrx_word' id='word_1_235' title='bbox 1469 1423 1737 1456; x_wconf 86' lang='lat' dir='ltr'>adnotationem</span> 
     </span>
     <span class='ocr_line' id='line_1_23' title="bbox 200 1475 1741 1516; baseline -0.001 -8"><span class='ocrx_word' id='word_1_236' title='bbox 200 1479 340 1516; x_wconf 90' lang='lat' dir='ltr'>meam),</span> <span class='ocrx_word' id='word_1_237' title='bbox 365 1480 428 1508; x_wconf 87' lang='lat' dir='ltr'>aut</span> <span class='ocrx_word' id='word_1_238' title='bbox 451 1476 550 1513; x_wconf 81' lang='lat' dir='ltr'>alter,</span> <span class='ocrx_word' id='word_1_239' title='bbox 578 1476 663 1516; x_wconf 81' lang='lat' dir='ltr'>quid</span> <span class='ocrx_word' id='word_1_240' title='bbox 689 1484 718 1506; x_wconf 92' lang='lat'>11</span> <span class='ocrx_word' id='word_1_241' title='bbox 739 1476 802 1507; x_wconf 80' lang='lat'>860</span> <span class='ocrx_word' id='word_1_242' title='bbox 825 1475 920 1516; x_wconf 89' lang='lat' dir='ltr'>apud</span> <span class='ocrx_word' id='word_1_243' title='bbox 944 1485 979 1506; x_wconf 89' lang='lat' dir='ltr'>se</span> <span class='ocrx_word' id='word_1_244' title='bbox 1001 1475 1183 1516; x_wconf 85' lang='lat' dir='ltr'>legeretur,</span> <span class='ocrx_word' id='word_1_245' title='bbox 1209 1475 1350 1506; x_wconf 85' lang='lat' dir='ltr'>sciebat.</span> <span class='ocrx_word' id='word_1_246' title='bbox 1396 1475 1524 1515; x_wconf 90' lang='lat' dir='ltr'>pariter</span> <span class='ocrx_word' id='word_1_247' title='bbox 1547 1485 1648 1515; x_wconf 89' lang='lat' dir='ltr'>quam</span> <span class='ocrx_word' id='word_1_248' title='bbox 1674 1476 1741 1507; x_wconf 89' lang='lat' dir='ltr'>etsi</span> 
     </span>
     <span class='ocr_line' id='line_1_24' title="bbox 202 1526 1741 1569; baseline -0.001 -10"><span class='ocrx_word' id='word_1_249' title='bbox 202 1529 276 1559; x_wconf 89' lang='lat' dir='ltr'>sine</span> <span class='ocrx_word' id='word_1_250' title='bbox 300 1527 459 1569; x_wconf 83' lang='lat' dir='ltr'>exemplo</span> <span class='ocrx_word' id='word_1_251' title='bbox 483 1528 637 1569; x_wconf 89' lang='lat' dir='ltr'>positum</span> <span class='ocrx_word' id='word_1_252' title='bbox 662 1527 810 1564; x_wconf 87' lang='lat' dir='ltr'>uidetur,</span> <span class='ocrx_word' id='word_1_253' title='bbox 836 1537 906 1558; x_wconf 90' lang='lat' dir='ltr'>non</span> <span class='ocrx_word' id='word_1_254' title='bbox 931 1526 1057 1558; x_wconf 89' lang='lat' dir='ltr'>desunt</span> <span class='ocrx_word' id='word_1_255' title='bbox 1081 1536 1171 1567; x_wconf 88' lang='lat' dir='ltr'>quae</span> <span class='ocrx_word' id='word_1_256' title='bbox 1195 1527 1280 1557; x_wconf 88' lang='lat' dir='ltr'>satis</span> <span class='ocrx_word' id='word_1_257' title='bbox 1304 1536 1412 1567; x_wconf 89' lang='lat' dir='ltr'>prope</span> <span class='ocrx_word' id='word_1_258' title='bbox 1436 1526 1616 1564; x_wconf 86' lang='lat' dir='ltr'>accedant,</span> <span class='ocrx_word' id='word_1_259' title='bbox 1641 1537 1741 1567; x_wconf 87' lang='lat' dir='ltr'>aeque</span> 
     </span>
     <span class='ocr_line' id='line_1_25' title="bbox 201 1576 1741 1621; baseline -0.001 -10"><span class='ocrx_word' id='word_1_260' title='bbox 201 1590 301 1620; x_wconf 89' lang='lat' dir='ltr'>quam</span> <span class='ocrx_word' id='word_1_261' title='bbox 328 1580 427 1612; x_wconf 89' lang='lat' dir='ltr'>Ouid.</span> <span class='ocrx_word' id='word_1_262' title='bbox 455 1582 537 1610; x_wconf 89' lang='lat' dir='ltr'>met.</span> <span class='ocrx_word' id='word_1_263' title='bbox 565 1587 590 1609; x_wconf 84' lang='lat' dir='ltr'>x</span> <span class='ocrx_word' id='word_1_264' title='bbox 618 1580 679 1610; x_wconf 84' lang='lat'>185</span> <span class='ocrx_word' id='word_1_265' title='bbox 705 1588 754 1618; x_wconf 92' lang='lat' dir='ltr'>sq.</span> <span class='ocrx_word' id='word_1_266' title='bbox 783 1577 944 1618; x_wconf 75' lang='lat' dir='ltr'>expalluit</span> <span class='ocrx_word' id='word_1_267' title='bbox 969 1588 1068 1618; x_wconf 87' lang='lat' dir='ltr'>aeque</span> <span class='ocrx_word' id='word_1_268' title='bbox 1091 1576 1094 1621; x_wconf 90' lang='grc' dir='ltr'>Ι</span> <span class='ocrx_word' id='word_1_269' title='bbox 1114 1588 1214 1618; x_wconf 87' lang='lat' dir='ltr'>quam</span> <span class='ocrx_word' id='word_1_270' title='bbox 1236 1588 1322 1618; x_wconf 83' lang='lat' dir='ltr'>puer</span> <span class='ocrx_word' id='word_1_271' title='bbox 1349 1577 1422 1618; x_wconf 76' lang='lat' dir='ltr'>ipse</span> <span class='ocrx_word' id='word_1_272' title='bbox 1446 1577 1527 1609; x_wconf 78' lang='lat' dir='ltr'>deus</span> <span class='ocrx_word' id='word_1_273' title='bbox 1550 1588 1613 1609; x_wconf 90' lang='lat' dir='ltr'>nec</span> <span class='ocrx_word' id='word_1_274' title='bbox 1637 1579 1741 1610; x_wconf 87' lang='lat' dir='ltr'>nimis</span> 
     </span>
     <span class='ocr_line' id='line_1_26' title="bbox 202 1629 1740 1670; baseline -0.001 -8"><span class='ocrx_word' id='word_1_275' title='bbox 202 1642 279 1662; x_wconf 90' lang='lat' dir='ltr'>raro</span> <span class='ocrx_word' id='word_1_276' title='bbox 294 1631 387 1668; x_wconf 87' lang='lat' dir='ltr'>alibi,</span> <span class='ocrx_word' id='word_1_277' title='bbox 404 1631 497 1662; x_wconf 77' lang='lat' dir='ltr'>iuxta</span> <span class='ocrx_word' id='word_1_278' title='bbox 510 1641 610 1670; x_wconf 89' lang='lat' dir='ltr'>quam</span> <span class='ocrx_word' id='word_1_279' title='bbox 624 1630 698 1661; x_wconf 90' lang='lat' dir='ltr'>Liu.</span> <span class='ocrx_word' id='word_1_280' title='bbox 716 1639 740 1660; x_wconf 82' lang='lat' dir='ltr'><strong>X</strong></span> <span class='ocrx_word' id='word_1_281' title='bbox 755 1631 774 1660; x_wconf 89' lang='grc'>6</span> <span class='ocrx_word' id='word_1_282' title='bbox 789 1631 820 1666; x_wconf 88' lang='grc'>9,</span> <span class='ocrx_word' id='word_1_283' title='bbox 833 1630 964 1669; x_wconf 81' lang='lat' dir='ltr'>pariter</span> <span class='ocrx_word' id='word_1_284' title='bbox 976 1629 1096 1661; x_wconf 75' lang='lat' dir='ltr'>suades</span> <span class='ocrx_word' id='word_1_285' title='bbox 1109 1629 1220 1669; x_wconf 75' lang='lat' dir='ltr'>qualis</span> <span class='ocrx_word' id='word_1_286' title='bbox 1233 1639 1266 1660; x_wconf 73' lang='lat' dir='ltr'>es</span> <span class='ocrx_word' id='word_1_287' title='bbox 1280 1629 1395 1660; x_wconf 89' lang='lat' dir='ltr'>Plaut.</span> <span class='ocrx_word' id='word_1_288' title='bbox 1411 1629 1486 1660; x_wconf 90' lang='lat' dir='ltr'>rud.</span> <span class='ocrx_word' id='word_1_289' title='bbox 1503 1630 1566 1660; x_wconf 90' lang='lat'>875</span> <span class='ocrx_word' id='word_1_290' title='bbox 1582 1641 1590 1666; x_wconf 93' lang='lat'>;</span> <span class='ocrx_word' id='word_1_291' title='bbox 1616 1633 1740 1661; x_wconf 92' lang='lat' dir='ltr'>mutuo</span> 
     </span>
     <span class='ocr_line' id='line_1_27' title="bbox 203 1679 1740 1720; baseline -0.001 -6"><span class='ocrx_word' id='word_1_292' title='bbox 203 1686 322 1714; x_wconf 86' lang='lat' dir='ltr'>autem</span> <span class='ocrx_word' id='word_1_293' title='bbox 340 1693 375 1713; x_wconf 90' lang='lat' dir='ltr'>se</span> <span class='ocrx_word' id='word_1_294' title='bbox 391 1683 481 1714; x_wconf 90' lang='lat' dir='ltr'>tueri</span> <span class='ocrx_word' id='word_1_295' title='bbox 498 1682 660 1712; x_wconf 88' lang='lat' dir='ltr'>uidentur</span> <span class='ocrx_word' id='word_1_296' title='bbox 680 1681 763 1712; x_wconf 89' lang='lat' dir='ltr'>haec</span> <span class='ocrx_word' id='word_1_297' title='bbox 783 1680 885 1711; x_wconf 91' lang='lat' dir='ltr'>lectio</span> <span class='ocrx_word' id='word_1_298' title='bbox 905 1684 940 1712; x_wconf 89' lang='lat' dir='ltr'>et</span> <span class='ocrx_word' id='word_1_299' title='bbox 962 1689 1005 1711; x_wconf 90' lang='lat'>111</span> <span class='ocrx_word' id='word_1_300' title='bbox 1025 1681 1089 1711; x_wconf 88' lang='lat'>482</span> <span class='ocrx_word' id='word_1_301' title='bbox 1114 1680 1317 1720; x_wconf 73' lang='lat' dir='ltr'>similique</span> <span class='ocrx_word' id='word_1_302' title='bbox 1336 1679 1431 1717; x_wconf 81' lang='lat' dir='ltr'>redit,</span> <span class='ocrx_word' id='word_1_303' title='bbox 1448 1690 1561 1720; x_wconf 87' lang='lat' dir='ltr'>quam</span> <span class='ocrx_word' id='word_1_304' title='bbox 1583 1684 1740 1718; x_wconf 80' lang='lat' dir='ltr'>creuerat,</span> 
     </span>
     <span class='ocr_line' id='line_1_28' title="bbox 203 1731 1742 1773; baseline -0.001 -8"><span class='ocrx_word' id='word_1_305' title='bbox 203 1738 288 1771; x_wconf 85' lang='lat' dir='ltr'>actu,</span> <span class='ocrx_word' id='word_1_306' title='bbox 315 1734 375 1765; x_wconf 90' lang='lat' dir='ltr'>ubi</span> <span class='ocrx_word' id='word_1_307' title='bbox 400 1744 492 1765; x_wconf 88' lang='lat' dir='ltr'>nunc</span> <span class='ocrx_word' id='word_1_308' title='bbox 518 1733 645 1764; x_wconf 90' lang='lat' dir='ltr'>nollem</span> <span class='ocrx_word' id='word_1_309' title='bbox 671 1732 782 1764; x_wconf 90' lang='lat' dir='ltr'>eidem</span> <span class='ocrx_word' id='word_1_310' title='bbox 808 1732 1087 1773; x_wconf 85' lang='lat' dir='ltr'>Regiomontano</span> <span class='ocrx_word' id='word_1_311' title='bbox 1112 1742 1174 1772; x_wconf 90' lang='lat' dir='ltr'>quo</span> <span class='ocrx_word' id='word_1_312' title='bbox 1199 1732 1383 1772; x_wconf 87' lang='lat' dir='ltr'>reponenti</span> <span class='ocrx_word' id='word_1_313' title='bbox 1407 1742 1487 1763; x_wconf 92' lang='lat' dir='ltr'>cum</span> <span class='ocrx_word' id='word_1_314' title='bbox 1512 1731 1680 1773; x_wconf 86' lang='lat' dir='ltr'>Pingraeo</span> <span class='ocrx_word' id='word_1_315' title='bbox 1705 1736 1742 1764; x_wconf 88' lang='lat' dir='ltr'>et</span> 
     </span>
     <span class='ocr_line' id='line_1_29' title="bbox 205 1782 1742 1825; baseline -0.002 -8"><span class='ocrx_word' id='word_1_316' title='bbox 205 1786 375 1817; x_wconf 88' lang='lat' dir='ltr'>Becherto</span> <span class='ocrx_word' id='word_1_317' title='bbox 410 1795 568 1816; x_wconf 83' lang='lat' dir='ltr'>assensus</span> <span class='ocrx_word' id='word_1_318' title='bbox 602 1794 711 1815; x_wconf 87' lang='lat' dir='ltr'>essem</span> <span class='ocrx_word' id='word_1_319' title='bbox 804 1785 867 1816; x_wconf 82' lang='lat'>403</span> <span class='ocrx_word' id='word_1_320' title='bbox 903 1782 992 1814; x_wconf 81' lang='lat' dir='ltr'>tanti</span> <span class='ocrx_word' id='word_1_321' title='bbox 1026 1782 1064 1821; x_wconf 88' lang='lat' dir='ltr'>G,</span> <span class='ocrx_word' id='word_1_322' title='bbox 1099 1785 1198 1814; x_wconf 81' lang='lat' dir='ltr'>tanta</span> <span class='ocrx_word' id='word_1_323' title='bbox 1231 1782 1295 1814; x_wconf 92' lang='lat' dir='ltr'>LM</span> <span class='ocrx_word' id='word_1_324' title='bbox 1385 1791 1514 1814; x_wconf 85' lang='lat' dir='ltr'>merces</span> <span class='ocrx_word' id='word_1_325' title='bbox 1551 1784 1602 1814; x_wconf 80' lang='lat' dir='ltr'>est</span> <span class='ocrx_word' id='word_1_326' title='bbox 1633 1792 1742 1825; x_wconf 83' lang='lat' dir='ltr'>parua.</span> 
     </span>
     <span class='ocr_line' id='line_1_30' title="bbox 205 1833 1740 1877; baseline -0.001 -8"><span class='ocrx_word' id='word_1_327' title='bbox 205 1836 323 1874; x_wconf 82' lang='lat' dir='ltr'>GL2M,</span> <span class='ocrx_word' id='word_1_328' title='bbox 345 1845 454 1877; x_wconf 86' lang='lat' dir='ltr'>parua</span> <span class='ocrx_word' id='word_1_329' title='bbox 475 1844 604 1867; x_wconf 87' lang='lat' dir='ltr'>merces</span> <span class='ocrx_word' id='word_1_330' title='bbox 626 1837 677 1866; x_wconf 86' lang='lat' dir='ltr'>est</span> <span class='ocrx_word' id='word_1_331' title='bbox 698 1835 734 1873; x_wconf 91' lang='lat' dir='ltr'>L,</span> <span class='ocrx_word' id='word_1_332' title='bbox 757 1844 865 1876; x_wconf 87' lang='lat' dir='ltr'>parua</span> <span class='ocrx_word' id='word_1_333' title='bbox 886 1834 1040 1866; x_wconf 89' lang='lat' dir='ltr'>mercede</span> <span class='ocrx_word' id='word_1_334' title='bbox 1062 1834 1136 1865; x_wconf 87' lang='lat' dir='ltr'>cod.</span> <span class='ocrx_word' id='word_1_335' title='bbox 1161 1834 1324 1865; x_wconf 89' lang='lat' dir='ltr'>Venetus.</span> <span class='ocrx_word' id='word_1_336' title='bbox 1372 1833 1432 1865; x_wconf 87' lang='lat' dir='ltr'>illa</span> <span class='ocrx_word' id='word_1_337' title='bbox 1453 1844 1511 1865; x_wconf 85' lang='lat' dir='ltr'>nec</span> <span class='ocrx_word' id='word_1_338' title='bbox 1532 1845 1660 1875; x_wconf 75' lang='lat' dir='ltr'>semper</span> <span class='ocrx_word' id='word_1_339' title='bbox 1677 1859 1684 1866; x_wconf 90' lang='lat'>.</span> <span class='ocrx_word' id='word_1_340' title='bbox 1704 1859 1712 1866; x_wconf 91' lang='lat'>.</span> <span class='ocrx_word' id='word_1_341' title='bbox 1733 1859 1740 1867; x_wconf 93' lang='lat'>.</span> 
     </span>
     <span class='ocr_line' id='line_1_31' title="bbox 202 1885 1743 1929; baseline -0.001 -10"><span class='ocrx_word' id='word_1_342' title='bbox 202 1899 317 1929; x_wconf 80' lang='lat' dir='ltr'>parua</span> <span class='ocrx_word' id='word_1_343' title='bbox 334 1888 608 1919; x_wconf 88' lang='lat' dir='ltr'>deminutionem</span> <span class='ocrx_word' id='word_1_344' title='bbox 625 1890 660 1917; x_wconf 91' lang='lat' dir='ltr'>et</span> <span class='ocrx_word' id='word_1_345' title='bbox 673 1887 951 1917; x_wconf 83' lang='lat' dir='ltr'>attenuationem</span> <span class='ocrx_word' id='word_1_346' title='bbox 965 1886 1091 1917; x_wconf 87' lang='lat' dir='ltr'>habere</span> <span class='ocrx_word' id='word_1_347' title='bbox 1107 1885 1282 1922; x_wconf 84' lang='lat' dir='ltr'>uidentur,</span> <span class='ocrx_word' id='word_1_348' title='bbox 1298 1888 1502 1926; x_wconf 85' lang='lat' dir='ltr'>expectatur</span> <span class='ocrx_word' id='word_1_349' title='bbox 1518 1886 1610 1917; x_wconf 87' lang='lat' dir='ltr'>enim</span> <span class='ocrx_word' id='word_1_350' title='bbox 1625 1887 1743 1927; x_wconf 90' lang='lat' dir='ltr'>potius</span> 
     </span>
     <span class='ocr_line' id='line_1_32' title="bbox 203 1936 1742 1980; baseline -0.001 -9"><span class='ocrx_word' id='word_1_351' title='bbox 203 1940 299 1980; x_wconf 90' lang='lat' dir='ltr'>quod</span> <span class='ocrx_word' id='word_1_352' title='bbox 318 1940 485 1980; x_wconf 87' lang='lat' dir='ltr'>Pingraeo</span> <span class='ocrx_word' id='word_1_353' title='bbox 504 1939 615 1969; x_wconf 89' lang='lat' dir='ltr'>inuito</span> <span class='ocrx_word' id='word_1_354' title='bbox 634 1949 669 1969; x_wconf 91' lang='lat' dir='ltr'>se</span> <span class='ocrx_word' id='word_1_355' title='bbox 686 1938 814 1969; x_wconf 90' lang='lat' dir='ltr'>obtulit</span> <span class='ocrx_word' id='word_1_356' title='bbox 833 1937 1121 1969; x_wconf 87' lang='lat' dir='ltr'>‘ordinairement</span> <span class='ocrx_word' id='word_1_357' title='bbox 1137 1937 1168 1968; x_wconf 92' lang='lat' dir='ltr'>le</span> <span class='ocrx_word' id='word_1_358' title='bbox 1183 1936 1289 1978; x_wconf 89' lang='lat' dir='ltr'>profit</span> <span class='ocrx_word' id='word_1_359' title='bbox 1301 1937 1409 1977; x_wconf 86' lang='lat' dir='ltr'>qu&#39;on</span> <span class='ocrx_word' id='word_1_360' title='bbox 1421 1947 1464 1968; x_wconf 91' lang='lat' dir='ltr'>en</span> <span class='ocrx_word' id='word_1_361' title='bbox 1475 1937 1579 1968; x_wconf 89' lang='lat' dir='ltr'>retire</span> <span class='ocrx_word' id='word_1_362' title='bbox 1591 1940 1644 1968; x_wconf 89' lang='lat' dir='ltr'>est</span> <span class='ocrx_word' id='word_1_363' title='bbox 1655 1937 1742 1969; x_wconf 73' lang='lat' dir='ltr'>tres-</span> 
     </span>
     <span class='ocr_line' id='line_1_33' title="bbox 205 1989 1742 2028; baseline -0.001 -6"><span class='ocrx_word' id='word_1_364' title='bbox 205 1990 473 2027; x_wconf 64' lang='lat' dir='ltr'>considerable&#39;,</span> <span class='ocrx_word' id='word_1_365' title='bbox 497 1990 577 2021; x_wconf 88' lang='lat' dir='ltr'>uide</span> <span class='ocrx_word' id='word_1_366' title='bbox 597 1989 668 2020; x_wconf 85' lang='lat' dir='ltr'>Ael.</span> <span class='ocrx_word' id='word_1_367' title='bbox 687 2000 754 2020; x_wconf 76' lang='lat' dir='ltr'>n.a.</span> <span class='ocrx_word' id='word_1_368' title='bbox 778 1998 803 2020; x_wconf 83' lang='lat' dir='ltr'>X</span> <span class='ocrx_word' id='word_1_369' title='bbox 827 1990 866 2021; x_wconf 88' lang='lat'>13</span> <span class='ocrx_word' id='word_1_370' title='bbox 889 1991 941 2020; x_wconf 79' lang='grc' dir='ltr'>καὶ</span> <span class='ocrx_word' id='word_1_371' title='bbox 965 1991 1112 2020; x_wconf 78' lang='grc' dir='ltr'>πλούσιοί</span> <span class='ocrx_word' id='word_1_372' title='bbox 1136 2001 1174 2028; x_wconf 75' lang='grc' dir='ltr'>’γε</span> <span class='ocrx_word' id='word_1_373' title='bbox 1199 1991 1231 2027; x_wconf 77' lang='grc' dir='ltr'>ἐξ</span> <span class='ocrx_word' id='word_1_374' title='bbox 1255 1990 1357 2019; x_wconf 81' lang='grc' dir='ltr'>αὐτῶν</span> <span class='ocrx_word' id='word_1_375' title='bbox 1382 1990 1530 2028; x_wconf 71' lang='grc' dir='ltr'>ἐγένοντο</span> <span class='ocrx_word' id='word_1_376' title='bbox 1554 1991 1588 2020; x_wconf 82' lang='grc' dir='ltr'>οὐ</span> <span class='ocrx_word' id='word_1_377' title='bbox 1611 1991 1656 2027; x_wconf 88' lang='grc' dir='ltr'>μὰ</span> <span class='ocrx_word' id='word_1_378' title='bbox 1680 1991 1742 2021; x_wconf 84' lang='grc' dir='ltr'>Δία</span> 
     </span>
     <span class='ocr_line' id='line_1_34' title="bbox 206 2039 1743 2082; baseline -0.001 -8"><span class='ocrx_word' id='word_1_379' title='bbox 206 2044 308 2082; x_wconf 66' lang='grc' dir='ltr'>ὀλίγοι</span> <span class='ocrx_word' id='word_1_380' title='bbox 336 2043 385 2073; x_wconf 79' lang='grc' dir='ltr'>οἶσ</span> <span class='ocrx_word' id='word_1_381' title='bbox 414 2044 499 2072; x_wconf 82' lang='grc' dir='ltr'>ἐστιν</span> <span class='ocrx_word' id='word_1_382' title='bbox 531 2042 674 2072; x_wconf 77' lang='grc' dir='ltr'>ἐντεῦθεν</span> <span class='ocrx_word' id='word_1_383' title='bbox 703 2041 718 2071; x_wconf 88' lang='grc' dir='ltr'>ὁ</span> <span class='ocrx_word' id='word_1_384' title='bbox 752 2042 826 2081; x_wconf 67' lang='lat' dir='ltr'>siloa</span> <span class='ocrx_word' id='word_1_385' title='bbox 919 2042 983 2073; x_wconf 86' lang='lat'>404</span> <span class='ocrx_word' id='word_1_386' title='bbox 1011 2039 1162 2071; x_wconf 71' lang='lat' dir='ltr'>censibus</span> <span class='ocrx_word' id='word_1_387' title='bbox 1190 2042 1375 2079; x_wconf 75' lang='lat' dir='ltr'>aequantur</span> <span class='ocrx_word' id='word_1_388' title='bbox 1401 2039 1551 2077; x_wconf 77' lang='lat' dir='ltr'>conchae,</span> <span class='ocrx_word' id='word_1_389' title='bbox 1580 2040 1743 2078; x_wconf 88' lang='lat' dir='ltr'>conchae,</span> 
     </span>
     <span class='ocr_line' id='line_1_35' title="bbox 207 2091 1743 2134; baseline -0.002 -9"><span class='ocrx_word' id='word_1_390' title='bbox 207 2094 302 2134; x_wconf 91' lang='lat' dir='ltr'>quod</span> <span class='ocrx_word' id='word_1_391' title='bbox 324 2103 451 2124; x_wconf 89' lang='lat' dir='ltr'>nomen</span> <span class='ocrx_word' id='word_1_392' title='bbox 472 2092 648 2124; x_wconf 88' lang='lat' dir='ltr'>interdum</span> <span class='ocrx_word' id='word_1_393' title='bbox 670 2103 732 2133; x_wconf 88' lang='lat' dir='ltr'>pro</span> <span class='ocrx_word' id='word_1_394' title='bbox 754 2092 835 2133; x_wconf 89' lang='lat' dir='ltr'>ipsis</span> <span class='ocrx_word' id='word_1_395' title='bbox 858 2092 1053 2132; x_wconf 83' lang='lat' dir='ltr'>margaritis</span> <span class='ocrx_word' id='word_1_396' title='bbox 1074 2092 1227 2132; x_wconf 90' lang='lat' dir='ltr'>ponitur,</span> <span class='ocrx_word' id='word_1_397' title='bbox 1249 2094 1290 2122; x_wconf 92' lang='lat' dir='ltr'>ut</span> <span class='ocrx_word' id='word_1_398' title='bbox 1311 2091 1387 2122; x_wconf 86' lang='lat' dir='ltr'>Tib.</span> <span class='ocrx_word' id='word_1_399' title='bbox 1412 2099 1440 2122; x_wconf 84' lang='grc' dir='ltr'><strong>Π</strong></span> <span class='ocrx_word' id='word_1_400' title='bbox 1460 2092 1481 2122; x_wconf 85' lang='grc'><strong>4</strong></span> <span class='ocrx_word' id='word_1_401' title='bbox 1503 2092 1557 2128; x_wconf 88' lang='lat'>30,</span> <span class='ocrx_word' id='word_1_402' title='bbox 1582 2100 1625 2122; x_wconf 91' lang='lat'>111</span> <span class='ocrx_word' id='word_1_403' title='bbox 1646 2092 1666 2123; x_wconf 89' lang='lat'><strong>3</strong></span> <span class='ocrx_word' id='word_1_404' title='bbox 1690 2093 1743 2128; x_wconf 92' lang='lat'>17,</span> 
     </span>
     <span class='ocr_line' id='line_1_36' title="bbox 208 2142 1745 2186; baseline -0.001 -10"><span class='ocrx_word' id='word_1_405' title='bbox 208 2154 245 2176; x_wconf 90' lang='lat' dir='ltr'>1v</span> <span class='ocrx_word' id='word_1_406' title='bbox 265 2146 285 2176; x_wconf 92' lang='lat'>2</span> <span class='ocrx_word' id='word_1_407' title='bbox 299 2146 340 2176; x_wconf 90' lang='lat'>20</span> <span class='ocrx_word' id='word_1_408' title='bbox 355 2147 584 2186; x_wconf 86' lang='lat' dir='ltr'>(quamquam</span> <span class='ocrx_word' id='word_1_409' title='bbox 602 2144 644 2175; x_wconf 91' lang='lat' dir='ltr'>de</span> <span class='ocrx_word' id='word_1_410' title='bbox 659 2143 758 2175; x_wconf 86' lang='lat' dir='ltr'>Ouid.</span> <span class='ocrx_word' id='word_1_411' title='bbox 773 2154 880 2174; x_wconf 86' lang='lat' dir='ltr'>amor.</span> <span class='ocrx_word' id='word_1_412' title='bbox 897 2152 924 2174; x_wconf 91' lang='lat'>11</span> <span class='ocrx_word' id='word_1_413' title='bbox 943 2144 979 2174; x_wconf 89' lang='grc'>11</span> <span class='ocrx_word' id='word_1_414' title='bbox 1002 2144 1052 2180; x_wconf 88' lang='grc'>13,</span> <span class='ocrx_word' id='word_1_415' title='bbox 1071 2146 1152 2174; x_wconf 89' lang='lat' dir='ltr'>met.</span> <span class='ocrx_word' id='word_1_416' title='bbox 1172 2151 1196 2173; x_wconf 88' lang='lat' dir='ltr'>X</span> <span class='ocrx_word' id='word_1_417' title='bbox 1213 2143 1289 2179; x_wconf 84' lang='lat'>260,</span> <span class='ocrx_word' id='word_1_418' title='bbox 1304 2142 1417 2174; x_wconf 85' lang='lat' dir='ltr'>Gratt.</span> <span class='ocrx_word' id='word_1_419' title='bbox 1431 2143 1496 2174; x_wconf 88' lang='lat'>403</span> <span class='ocrx_word' id='word_1_420' title='bbox 1510 2143 1596 2174; x_wconf 89' lang='lat' dir='ltr'>mire</span> <span class='ocrx_word' id='word_1_421' title='bbox 1611 2142 1745 2174; x_wconf 85' lang='lat' dir='ltr'>fallitur</span> 
     </span>
     <span class='ocr_line' id='line_1_37' title="bbox 209 2194 1744 2237; baseline -0.001 -9"><span class='ocrx_word' id='word_1_422' title='bbox 209 2197 297 2228; x_wconf 82' lang='lat' dir='ltr'>thes.</span> <span class='ocrx_word' id='word_1_423' title='bbox 321 2196 401 2237; x_wconf 85' lang='lat' dir='ltr'>ling.</span> <span class='ocrx_word' id='word_1_424' title='bbox 424 2196 501 2227; x_wconf 86' lang='lat' dir='ltr'>Lat.</span> <span class='ocrx_word' id='word_1_425' title='bbox 527 2204 563 2226; x_wconf 84' lang='lat' dir='ltr'>IV</span> <span class='ocrx_word' id='word_1_426' title='bbox 584 2206 616 2236; x_wconf 90' lang='lat' dir='ltr'>p.</span> <span class='ocrx_word' id='word_1_427' title='bbox 643 2196 685 2226; x_wconf 85' lang='lat'>28</span> <span class='ocrx_word' id='word_1_428' title='bbox 708 2196 822 2234; x_wconf 81' lang='lat'>44—7),</span> <span class='ocrx_word' id='word_1_429' title='bbox 847 2195 939 2226; x_wconf 85' lang='lat' dir='ltr'>tanti</span> <span class='ocrx_word' id='word_1_430' title='bbox 963 2195 1193 2226; x_wconf 86' lang='lat' dir='ltr'>aestimantur</span> <span class='ocrx_word' id='word_1_431' title='bbox 1216 2197 1256 2225; x_wconf 92' lang='lat' dir='ltr'>ut</span> <span class='ocrx_word' id='word_1_432' title='bbox 1279 2194 1364 2225; x_wconf 86' lang='lat' dir='ltr'>totis</span> <span class='ocrx_word' id='word_1_433' title='bbox 1386 2194 1604 2235; x_wconf 84' lang='lat' dir='ltr'>patrimoniis</span> <span class='ocrx_word' id='word_1_434' title='bbox 1627 2204 1744 2226; x_wconf 85' lang='lat' dir='ltr'>eman-</span> 
     </span>
     <span class='ocr_line' id='line_1_38' title="bbox 209 2244 1742 2286; baseline -0.003 -7"><span class='ocrx_word' id='word_1_435' title='bbox 209 2251 276 2279; x_wconf 85' lang='lat' dir='ltr'>tur.</span> <span class='ocrx_word' id='word_1_436' title='bbox 327 2247 403 2279; x_wconf 88' lang='lat' dir='ltr'>Sen.</span> <span class='ocrx_word' id='word_1_437' title='bbox 428 2247 508 2278; x_wconf 85' lang='lat' dir='ltr'>dial.</span> <span class='ocrx_word' id='word_1_438' title='bbox 533 2255 585 2277; x_wconf 85' lang='lat' dir='ltr'>vn</span> <span class='ocrx_word' id='word_1_439' title='bbox 610 2247 647 2277; x_wconf 86' lang='lat'>17</span> <span class='ocrx_word' id='word_1_440' title='bbox 672 2247 690 2277; x_wconf 85' lang='lat'><strong>2</strong></span> <span class='ocrx_word' id='word_1_441' title='bbox 714 2256 797 2276; x_wconf 65' lang='lat' dir='ltr'>‘texor</span> <span class='ocrx_word' id='word_1_442' title='bbox 819 2249 876 2277; x_wconf 86' lang='lat' dir='ltr'>tua</span> <span class='ocrx_word' id='word_1_443' title='bbox 898 2245 1069 2286; x_wconf 76' lang='lat' dir='ltr'>locupletis</span> <span class='ocrx_word' id='word_1_444' title='bbox 1090 2245 1207 2276; x_wconf 74' lang='lat' dir='ltr'>domus</span> <span class='ocrx_word' id='word_1_445' title='bbox 1229 2255 1363 2276; x_wconf 71' lang='lat' dir='ltr'>censum</span> <span class='ocrx_word' id='word_1_446' title='bbox 1385 2244 1524 2276; x_wconf 73' lang='lat' dir='ltr'>auribus</span> <span class='ocrx_word' id='word_1_447' title='bbox 1544 2245 1636 2285; x_wconf 74' lang='lat' dir='ltr'>qerit,</span> <span class='ocrx_word' id='word_1_448' title='bbox 1658 2255 1742 2276; x_wconf 88' lang='lat' dir='ltr'>rem.</span> 
     </span>
     <span class='ocr_line' id='line_1_39' title="bbox 208 2295 1746 2337; baseline -0.001 -7"><span class='ocrx_word' id='word_1_449' title='bbox 208 2299 288 2330; x_wconf 85' lang='lat' dir='ltr'>fort.</span> <span class='ocrx_word' id='word_1_450' title='bbox 317 2300 356 2329; x_wconf 81' lang='lat'>16</span> <span class='ocrx_word' id='word_1_451' title='bbox 375 2300 392 2329; x_wconf 95' lang='lat'>7</span> <span class='ocrx_word' id='word_1_452' title='bbox 418 2309 483 2329; x_wconf 81' lang='lat' dir='ltr'>non</span> <span class='ocrx_word' id='word_1_453' title='bbox 507 2297 604 2329; x_wconf 73' lang='lat' dir='ltr'>cuius</span> <span class='ocrx_word' id='word_1_454' title='bbox 627 2297 791 2328; x_wconf 76' lang='lat' dir='ltr'>auriculis</span> <span class='ocrx_word' id='word_1_455' title='bbox 813 2297 977 2337; x_wconf 75' lang='lat' dir='ltr'>utrimque</span> <span class='ocrx_word' id='word_1_456' title='bbox 997 2296 1205 2337; x_wconf 83' lang='lat' dir='ltr'>patrimonia</span> <span class='ocrx_word' id='word_1_457' title='bbox 1226 2296 1306 2327; x_wconf 83' lang='lat' dir='ltr'>bina</span> <span class='ocrx_word' id='word_1_458' title='bbox 1325 2295 1539 2336; x_wconf 77' lang='lat' dir='ltr'>dependeant,</span> <span class='ocrx_word' id='word_1_459' title='bbox 1559 2307 1627 2327; x_wconf 79' lang='lat' dir='ltr'>rwn</span> <span class='ocrx_word' id='word_1_460' title='bbox 1645 2307 1746 2337; x_wconf 85' lang='lat' dir='ltr'>quam</span> 
     </span>
     <span class='ocr_line' id='line_1_40' title="bbox 211 2346 1745 2390; baseline -0.002 -9"><span class='ocrx_word' id='word_1_461' title='bbox 211 2350 410 2389; x_wconf 79' lang='lat' dir='ltr'>marqaritae</span> <span class='ocrx_word' id='word_1_462' title='bbox 434 2349 604 2390; x_wconf 75' lang='lat' dir='ltr'>suffocent,</span> <span class='ocrx_word' id='word_1_463' title='bbox 632 2349 732 2389; x_wconf 89' lang='lat' dir='ltr'>Prop.</span> <span class='ocrx_word' id='word_1_464' title='bbox 761 2357 804 2379; x_wconf 88' lang='lat'>111</span> <span class='ocrx_word' id='word_1_465' title='bbox 831 2350 870 2380; x_wconf 89' lang='grc'>13</span> <span class='ocrx_word' id='word_1_466' title='bbox 899 2350 936 2379; x_wconf 92' lang='lat'>11</span> <span class='ocrx_word' id='word_1_467' title='bbox 965 2351 1116 2379; x_wconf 84' lang='lat' dir='ltr'>matrona</span> <span class='ocrx_word' id='word_1_468' title='bbox 1142 2347 1264 2379; x_wconf 84' lang='lat' dir='ltr'>incedit</span> <span class='ocrx_word' id='word_1_469' title='bbox 1289 2357 1406 2379; x_wconf 77' lang='lat' dir='ltr'>census</span> <span class='ocrx_word' id='word_1_470' title='bbox 1432 2346 1551 2378; x_wconf 84' lang='lat' dir='ltr'>induta</span> <span class='ocrx_word' id='word_1_471' title='bbox 1576 2351 1745 2387; x_wconf 79' lang='lat' dir='ltr'>nepotum,</span> 
     </span>
     <span class='ocr_line' id='line_1_41' title="bbox 213 2398 1748 2440; baseline -0.001 -8"><span class='ocrx_word' id='word_1_472' title='bbox 213 2401 314 2433; x_wconf 88' lang='lat' dir='ltr'>Ouid.</span> <span class='ocrx_word' id='word_1_473' title='bbox 333 2404 397 2432; x_wconf 83' lang='lat' dir='ltr'>art.</span> <span class='ocrx_word' id='word_1_474' title='bbox 416 2410 458 2431; x_wconf 86' lang='lat'>111</span> <span class='ocrx_word' id='word_1_475' title='bbox 477 2402 537 2431; x_wconf 79' lang='lat'>172</span> <span class='ocrx_word' id='word_1_476' title='bbox 554 2400 629 2440; x_wconf 78' lang='lat' dir='ltr'>quis</span> <span class='ocrx_word' id='word_1_477' title='bbox 640 2399 738 2440; x_wconf 81' lang='lat' dir='ltr'>furor</span> <span class='ocrx_word' id='word_1_478' title='bbox 754 2404 799 2430; x_wconf 76' lang='lat' dir='ltr'>est</span> <span class='ocrx_word' id='word_1_479' title='bbox 814 2410 931 2431; x_wconf 77' lang='lat' dir='ltr'>census</span> <span class='ocrx_word' id='word_1_480' title='bbox 946 2410 1078 2440; x_wconf 84' lang='lat' dir='ltr'>corpore</span> <span class='ocrx_word' id='word_1_481' title='bbox 1088 2399 1176 2440; x_wconf 84' lang='lat' dir='ltr'>serre</span> <span class='ocrx_word' id='word_1_482' title='bbox 1191 2409 1269 2430; x_wconf 76' lang='lat' dir='ltr'>suos</span> <span class='ocrx_word' id='word_1_483' title='bbox 1284 2399 1300 2429; x_wconf 78' lang='lat'><em>?</em></span> <span class='ocrx_word' id='word_1_484' title='bbox 1391 2398 1544 2440; x_wconf 85' lang='lat' dir='ltr'>lapidum</span> <span class='ocrx_word' id='word_1_485' title='bbox 1559 2398 1748 2431; x_wconf 84' lang='lat' dir='ltr'>Salmasius</span> 
     </span>
     <span class='ocr_line' id='line_1_42' title="bbox 211 2449 1749 2492; baseline -0.002 -8"><span class='ocrx_word' id='word_1_486' title='bbox 211 2453 297 2484; x_wconf 88' lang='lat' dir='ltr'>Plin.</span> <span class='ocrx_word' id='word_1_487' title='bbox 319 2462 427 2483; x_wconf 80' lang='lat' dir='ltr'>exerc.</span> <span class='ocrx_word' id='word_1_488' title='bbox 450 2462 477 2483; x_wconf 87' lang='lat' dir='ltr'>c.</span> <span class='ocrx_word' id='word_1_489' title='bbox 500 2453 540 2483; x_wconf 84' lang='lat'>53</span> <span class='ocrx_word' id='word_1_490' title='bbox 562 2453 608 2492; x_wconf 90' lang='lat' dir='ltr'>(p.</span> <span class='ocrx_word' id='word_1_491' title='bbox 632 2452 694 2482; x_wconf 88' lang='lat'>825</span> <span class='ocrx_word' id='word_1_492' title='bbox 715 2451 767 2482; x_wconf 84' lang='lat' dir='ltr'>ed.</span> <span class='ocrx_word' id='word_1_493' title='bbox 790 2462 844 2482; x_wconf 88' lang='lat' dir='ltr'>an.</span> <span class='ocrx_word' id='word_1_494' title='bbox 869 2452 980 2490; x_wconf 78' lang='lat'>1689),</span> <span class='ocrx_word' id='word_1_495' title='bbox 1001 2450 1158 2491; x_wconf 87' lang='lat' dir='ltr'>rapidum</span> <span class='ocrx_word' id='word_1_496' title='bbox 1177 2450 1255 2481; x_wconf 93' lang='lat' dir='ltr'>libri</span> <span class='ocrx_word' id='word_1_497' title='bbox 1345 2449 1454 2482; x_wconf 85' lang='lat' dir='ltr'>nitore</span> <span class='ocrx_word' id='word_1_498' title='bbox 1468 2450 1485 2469; x_wconf 86' lang='lat'>*</span> <span class='ocrx_word' id='word_1_499' title='bbox 1506 2450 1749 2491; x_wconf 88' lang='lat' dir='ltr'>(Proceedings</span> 
     </span>
     <span class='ocr_line' id='line_1_43' title="bbox 211 2500 1751 2543; baseline -0.002 -8"><span class='ocrx_word' id='word_1_500' title='bbox 211 2504 329 2536; x_wconf 86' lang='lat' dir='ltr'>Camb.</span> <span class='ocrx_word' id='word_1_501' title='bbox 357 2502 479 2534; x_wconf 90' lang='lat' dir='ltr'>Philol.</span> <span class='ocrx_word' id='word_1_502' title='bbox 506 2502 580 2533; x_wconf 87' lang='lat' dir='ltr'>Soc.</span> <span class='ocrx_word' id='word_1_503' title='bbox 608 2513 662 2533; x_wconf 87' lang='lat' dir='ltr'>an.</span> <span class='ocrx_word' id='word_1_504' title='bbox 692 2503 776 2534; x_wconf 84' lang='lat'>1913</span> <span class='ocrx_word' id='word_1_505' title='bbox 801 2513 834 2543; x_wconf 88' lang='lat' dir='ltr'>p.</span> <span class='ocrx_word' id='word_1_506' title='bbox 864 2504 930 2542; x_wconf 87' lang='lat'>17),</span> <span class='ocrx_word' id='word_1_507' title='bbox 955 2501 1059 2534; x_wconf 85' lang='lat' dir='ltr'>nitori</span> <span class='ocrx_word' id='word_1_508' title='bbox 1082 2503 1152 2533; x_wconf 89' lang='lat' dir='ltr'>iam</span> <span class='ocrx_word' id='word_1_509' title='bbox 1177 2501 1376 2538; x_wconf 84' lang='lat' dir='ltr'>Salmasius,</span> <span class='ocrx_word' id='word_1_510' title='bbox 1401 2500 1514 2532; x_wconf 82' lang='lat' dir='ltr'>notori</span> <span class='ocrx_word' id='word_1_511' title='bbox 1537 2500 1611 2540; x_wconf 91' lang='lat' dir='ltr'>LM,</span> <span class='ocrx_word' id='word_1_512' title='bbox 1636 2500 1751 2533; x_wconf 80' lang='lat' dir='ltr'>notari</span> 
     </span>
     <span class='ocr_line' id='line_1_44' title="bbox 212 2552 1748 2594; baseline -0.002 -8"><span class='ocrx_word' id='word_1_513' title='bbox 212 2556 313 2587; x_wconf 89' lang='lat' dir='ltr'>metri</span> <span class='ocrx_word' id='word_1_514' title='bbox 343 2565 446 2585; x_wconf 89' lang='lat' dir='ltr'>causa</span> <span class='ocrx_word' id='word_1_515' title='bbox 476 2553 555 2584; x_wconf 78' lang='lat' dir='ltr'>GL2.</span> <span class='ocrx_word' id='word_1_516' title='bbox 604 2554 772 2594; x_wconf 84' lang='lat' dir='ltr'>scriptum</span> <span class='ocrx_word' id='word_1_517' title='bbox 800 2554 906 2585; x_wconf 79' lang='lat' dir='ltr'>fuisse</span> <span class='ocrx_word' id='word_1_518' title='bbox 934 2557 1022 2594; x_wconf 89' lang='lat' dir='ltr'>puto</span> <span class='ocrx_word' id='word_1_519' title='bbox 1051 2553 1169 2590; x_wconf 82' lang='lat' dir='ltr'>nitoro,</span> <span class='ocrx_word' id='word_1_520' title='bbox 1199 2553 1323 2584; x_wconf 86' lang='lat' dir='ltr'>deinde</span> <span class='ocrx_word' id='word_1_521' title='bbox 1352 2552 1439 2584; x_wconf 87' lang='lat' dir='ltr'>duas</span> <span class='ocrx_word' id='word_1_522' title='bbox 1467 2552 1602 2584; x_wconf 84' lang='lat' dir='ltr'>litteras</span> <span class='ocrx_word' id='word_1_523' title='bbox 1631 2552 1748 2584; x_wconf 90' lang='lat' dir='ltr'>sedem</span> 
     </span>
     <span class='ocr_line' id='line_1_45' title="bbox 212 2603 1748 2645; baseline -0.002 -8"><span class='ocrx_word' id='word_1_524' title='bbox 212 2608 303 2638; x_wconf 88' lang='lat' dir='ltr'>inter</span> <span class='ocrx_word' id='word_1_525' title='bbox 324 2616 359 2636; x_wconf 92' lang='lat' dir='ltr'>se</span> <span class='ocrx_word' id='word_1_526' title='bbox 380 2608 533 2635; x_wconf 85' lang='lat' dir='ltr'>mutasse</span> <span class='ocrx_word' id='word_1_527' title='bbox 554 2608 594 2634; x_wconf 90' lang='lat' dir='ltr'>ut</span> <span class='ocrx_word' id='word_1_528' title='bbox 615 2604 781 2644; x_wconf 78' lang='lat' dir='ltr'>exemplis</span> <span class='ocrx_word' id='word_1_529' title='bbox 802 2604 870 2635; x_wconf 88' lang='lat' dir='ltr'>uol.</span> <span class='ocrx_word' id='word_1_530' title='bbox 894 2613 907 2635; x_wconf 90' lang='grc' dir='ltr'>Ι</span> <span class='ocrx_word' id='word_1_531' title='bbox 926 2615 959 2645; x_wconf 90' lang='lat' dir='ltr'>p.</span> <span class='ocrx_word' id='word_1_532' title='bbox 983 2604 1055 2635; x_wconf 83' lang='lat' dir='ltr'>lviii</span> <span class='ocrx_word' id='word_1_533' title='bbox 1076 2607 1111 2635; x_wconf 84' lang='lat' dir='ltr'>et</span> <span class='ocrx_word' id='word_1_534' title='bbox 1132 2604 1177 2635; x_wconf 89' lang='lat' dir='ltr'>ad</span> <span class='ocrx_word' id='word_1_535' title='bbox 1198 2612 1226 2634; x_wconf 88' lang='lat'>11</span> <span class='ocrx_word' id='word_1_536' title='bbox 1247 2605 1289 2634; x_wconf 83' lang='lat'>44</span> <span class='ocrx_word' id='word_1_537' title='bbox 1311 2603 1461 2635; x_wconf 80' lang='lat' dir='ltr'>adlatis:</span> <span class='ocrx_word' id='word_1_538' title='bbox 1496 2603 1598 2644; x_wconf 87' lang='lat' dir='ltr'>plane</span> <span class='ocrx_word' id='word_1_539' title='bbox 1620 2603 1748 2634; x_wconf 88' lang='lat' dir='ltr'>similes</span> 
     </span>
     <span class='ocr_line' id='line_1_46' title="bbox 214 2654 1748 2696; baseline -0.002 -8"><span class='ocrx_word' id='word_1_540' title='bbox 214 2667 343 2688; x_wconf 87' lang='lat' dir='ltr'>errores</span> <span class='ocrx_word' id='word_1_541' title='bbox 361 2659 444 2687; x_wconf 90' lang='lat' dir='ltr'>sunt</span> <span class='ocrx_word' id='word_1_542' title='bbox 462 2655 564 2686; x_wconf 81' lang='lat' dir='ltr'>Mart.</span> <span class='ocrx_word' id='word_1_543' title='bbox 585 2658 692 2695; x_wconf 79' lang='lat' dir='ltr'>spect.</span> <span class='ocrx_word' id='word_1_544' title='bbox 716 2656 754 2686; x_wconf 88' lang='lat'>13</span> <span class='ocrx_word' id='word_1_545' title='bbox 775 2656 794 2685; x_wconf 72' lang='lat'>⁴3</span> <span class='ocrx_word' id='word_1_546' title='bbox 813 2655 920 2686; x_wconf 79' lang='lat' dir='ltr'>salute</span> <span class='ocrx_word' id='word_1_547' title='bbox 938 2666 1001 2696; x_wconf 88' lang='lat' dir='ltr'>pro</span> <span class='ocrx_word' id='word_1_548' title='bbox 1019 2655 1129 2686; x_wconf 77' lang='lat' dir='ltr'>soluta</span> <span class='ocrx_word' id='word_1_549' title='bbox 1147 2658 1182 2686; x_wconf 89' lang='lat' dir='ltr'>et</span> <span class='ocrx_word' id='word_1_550' title='bbox 1201 2654 1290 2686; x_wconf 89' lang='lat' dir='ltr'>Stat.</span> <span class='ocrx_word' id='word_1_551' title='bbox 1311 2654 1386 2685; x_wconf 91' lang='lat' dir='ltr'>silu.</span> <span class='ocrx_word' id='word_1_552' title='bbox 1407 2663 1430 2685; x_wconf 89' lang='lat' dir='ltr'>V</span> <span class='ocrx_word' id='word_1_553' title='bbox 1449 2655 1468 2686; x_wconf 90' lang='lat'>3</span> <span class='ocrx_word' id='word_1_554' title='bbox 1487 2655 1552 2685; x_wconf 86' lang='lat'>288</span> <span class='ocrx_word' id='word_1_555' title='bbox 1568 2658 1667 2694; x_wconf 85' lang='lat' dir='ltr'>parte</span> <span class='ocrx_word' id='word_1_556' title='bbox 1685 2664 1748 2696; x_wconf 92' lang='lat' dir='ltr'>pro</span> 
     </span>
     <span class='ocr_line' id='line_1_47' title="bbox 213 2705 1749 2749; baseline -0.002 -10"><span class='ocrx_word' id='word_1_557' title='bbox 213 2712 322 2749; x_wconf 83' lang='lat' dir='ltr'>porta.</span> <span class='ocrx_word' id='word_1_558' title='bbox 370 2706 502 2748; x_wconf 88' lang='lat' dir='ltr'>lapides</span> <span class='ocrx_word' id='word_1_559' title='bbox 523 2706 624 2737; x_wconf 87' lang='lat' dir='ltr'>nitidi</span> <span class='ocrx_word' id='word_1_560' title='bbox 647 2707 879 2747; x_wconf 83' lang='lat' dir='ltr'>(margaritae,</span> <span class='ocrx_word' id='word_1_561' title='bbox 902 2707 982 2738; x_wconf 89' lang='lat' dir='ltr'>uide</span> <span class='ocrx_word' id='word_1_562' title='bbox 1003 2706 1048 2738; x_wconf 87' lang='lat' dir='ltr'>ad</span> <span class='ocrx_word' id='word_1_563' title='bbox 1069 2715 1106 2737; x_wconf 87' lang='lat' dir='ltr'>IV</span> <span class='ocrx_word' id='word_1_564' title='bbox 1128 2707 1192 2738; x_wconf 89' lang='lat'>399</span> <span class='ocrx_word' id='word_1_565' title='bbox 1213 2706 1397 2745; x_wconf 84' lang='lat' dir='ltr'>adnotata)</span> <span class='ocrx_word' id='word_1_566' title='bbox 1420 2705 1607 2737; x_wconf 81' lang='lat' dir='ltr'>effecerunt</span> <span class='ocrx_word' id='word_1_567' title='bbox 1627 2709 1668 2737; x_wconf 90' lang='lat' dir='ltr'>ut</span> <span class='ocrx_word' id='word_1_568' title='bbox 1688 2706 1749 2737; x_wconf 89' lang='lat' dir='ltr'>uix</span> 
     </span>
     <span class='ocr_line' id='line_1_48' title="bbox 215 2756 1750 2801; baseline -0.003 -10"><span class='ocrx_word' id='word_1_569' title='bbox 215 2760 401 2801; x_wconf 83' lang='lat' dir='ltr'>quisquam</span> <span class='ocrx_word' id='word_1_570' title='bbox 426 2758 559 2789; x_wconf 83' lang='lat' dir='ltr'>Romae</span> <span class='ocrx_word' id='word_1_571' title='bbox 582 2758 651 2788; x_wconf 88' lang='lat' dir='ltr'>iam</span> <span class='ocrx_word' id='word_1_572' title='bbox 675 2757 826 2798; x_wconf 86' lang='lat' dir='ltr'>locuples</span> <span class='ocrx_word' id='word_1_573' title='bbox 849 2759 905 2795; x_wconf 85' lang='lat' dir='ltr'>sit,</span> <span class='ocrx_word' id='word_1_574' title='bbox 931 2758 973 2789; x_wconf 91' lang='lat' dir='ltr'>de</span> <span class='ocrx_word' id='word_1_575' title='bbox 998 2768 1067 2798; x_wconf 89' lang='lat' dir='ltr'>quo</span> <span class='ocrx_word' id='word_1_576' title='bbox 1092 2757 1238 2788; x_wconf 85' lang='lat' dir='ltr'>ablatiui</span> <span class='ocrx_word' id='word_1_577' title='bbox 1262 2767 1326 2788; x_wconf 88' lang='lat' dir='ltr'>usu</span> <span class='ocrx_word' id='word_1_578' title='bbox 1351 2757 1431 2788; x_wconf 90' lang='lat' dir='ltr'>uide</span> <span class='ocrx_word' id='word_1_579' title='bbox 1455 2765 1492 2787; x_wconf 89' lang='lat' dir='ltr'>IV</span> <span class='ocrx_word' id='word_1_580' title='bbox 1518 2757 1548 2794; x_wconf 90' lang='grc'>6,</span> <span class='ocrx_word' id='word_1_581' title='bbox 1573 2756 1634 2788; x_wconf 92' lang='lat' dir='ltr'>ubi</span> <span class='ocrx_word' id='word_1_582' title='bbox 1657 2756 1750 2788; x_wconf 90' lang='lat' dir='ltr'>hunc</span> 
     </span>
     <span class='ocr_line' id='line_1_49' title="bbox 215 2807 1746 2852; baseline -0.003 -9"><span class='ocrx_word' id='word_1_583' title='bbox 215 2821 355 2844; x_wconf 89' lang='lat' dir='ltr'>uersum</span> <span class='ocrx_word' id='word_1_584' title='bbox 383 2809 536 2842; x_wconf 87' lang='lat' dir='ltr'>contuli:</span> <span class='ocrx_word' id='word_1_585' title='bbox 577 2809 746 2841; x_wconf 87' lang='lat' dir='ltr'>accedant</span> <span class='ocrx_word' id='word_1_586' title='bbox 772 2819 852 2841; x_wconf 89' lang='lat' dir='ltr'>cum</span> <span class='ocrx_word' id='word_1_587' title='bbox 877 2810 1061 2851; x_wconf 88' lang='lat' dir='ltr'>negatione</span> <span class='ocrx_word' id='word_1_588' title='bbox 1087 2809 1273 2842; x_wconf 90' lang='lat' dir='ltr'>coniuncta</span> <span class='ocrx_word' id='word_1_589' title='bbox 1302 2807 1461 2852; x_wconf 88' lang='lat' dir='ltr'>exempla</span> <span class='ocrx_word' id='word_1_590' title='bbox 1487 2808 1554 2841; x_wconf 82' lang='lat' dir='ltr'>Cic.</span> <span class='ocrx_word' id='word_1_591' title='bbox 1580 2808 1678 2840; x_wconf 87' lang='lat' dir='ltr'>Brut.</span> <span class='ocrx_word' id='word_1_592' title='bbox 1707 2808 1746 2842; x_wconf 89' lang='lat'>91</span> 
     </span>
    </p>
   </div>
  </div>
 </body>
</html>
