1855 3088
202 83 256 120 48
793 83 854 124 Μ.
888 82 1139 124 MANILII

237 201 304 232 365
360 198 425 235 ter
444 194 621 236 decuma
642 195 720 236 sub
740 199 861 250 parte
881 194 957 236 feri
976 194 1259 236 formantibus
1278 194 1402 236 astris

361 269 553 323 plumeus
573 269 616 310 in
637 269 799 311 caelum
818 269 963 311 nitidis
984 269 1084 311 Olor
1103 269 1245 311 euolat
1264 269 1353 311 alis.

362 357 445 398 quo
466 349 660 398 surgente
680 344 852 385 trahens
872 345 1009 386 lucem
1028 349 1292 399 matremque
1311 343 1550 398 relinquens

360 417 448 471 ipse
470 433 637 473 quoque
657 419 789 460 aerios
809 419 988 473 populos
1008 418 1206 474 caeloque
1226 418 1416 460 dicatum

360 492 541 534 alituum
560 507 689 547 genus
709 494 755 534 in
775 493 965 534 studium
984 507 1215 548 censusque
1234 493 1418 534 uocabit.

236 573 305 604 370
360 567 472 608 mille
492 567 625 609 fluent
645 573 757 609 artes
777 582 784 609 :
822 573 898 609 aut
918 567 1075 609 bellum
1094 568 1275 609 indicere
1294 567 1454 608 mundo

362 646 405 682 et
424 642 583 683 medios
603 642 713 683 inter
731 642 946 684 uolucrem
965 656 1161 697 prensare
1180 646 1359 692 meatus,

361 720 437 757 aut
456 716 565 757 nidis
585 717 787 758 damnare
806 716 904 768 suis,
925 731 1098 758 ramoue
1117 717 1334 758 sedentem

360 795 657 845 pascentemue
677 807 802 846 super
821 792 1034 847 surgentia
1054 792 1205 833 ducere
1224 791 1322 832 lina.

360 870 490 921 atque
509 865 612 908 haec
632 866 676 907 in
695 866 855 908 luxum.
913 866 999 908 iam
1017 866 1158 908 uentri
1176 865 1339 921 longius
1358 865 1444 907 itur

200 1000 309 1031 oritur
331 1000 466 1042 Cycnus
559 1004 712 1035 364-366
733 1003 817 1034 satis
838 1005 931 1034 recte
951 1002 1170 1044 interpunxit
1190 1001 1318 1043 Fayus,
1339 1010 1498 1042 peruerse
1519 1002 1554 1032 et
1574 998 1736 1031 Molinius

203 1054 238 1082 et
256 1051 415 1093 Scaliger,
436 1063 539 1093 quem
558 1053 672 1094 plures
691 1054 800 1084 secuti
818 1056 911 1090 sunt,
931 1054 997 1084 etsi
1015 1053 1171 1084 ordinem
1188 1052 1374 1084 uerborum
1393 1052 1485 1093 cepit
1502 1051 1690 1093 Pingraeus

290 1105 353 1137 365
368 1103 472 1135 Firm.
490 1113 557 1135 VIII
574 1106 613 1135 14
629 1106 648 1136 3
664 1105 702 1135 in
715 1104 892 1144 Saqittarii
904 1108 999 1144 parte
1013 1110 1044 1136 X
1058 1105 1163 1135 oritur
1178 1104 1324 1145 qunus,
1339 1103 1529 1135 scribarum
1542 1106 1582 1134 ut
1595 1102 1735 1134 uidetur

200 1154 325 1185 mendo
336 1165 398 1195 pro
409 1160 506 1186 XXX
578 1155 657 1196 feri,
671 1158 780 1196 θηρόσ,
792 1166 862 1196 quo
873 1156 1012 1187 nomine
1022 1166 1101 1187 cum
1112 1158 1148 1187 et
1158 1155 1321 1187 Centauri
1331 1158 1366 1186 et
1377 1154 1494 1195 Satyri
1504 1153 1733 1195 appellentur,

199 1206 337 1246 utrique
376 1206 505 1247 figurae
545 1217 615 1248 qua
654 1207 862 1248 Sagittarius
902 1207 1154 1248 depingebatur
1194 1207 1358 1238 conuenit
1446 1206 1601 1237 formant
1640 1208 1735 1236 astra

199 1257 271 1288 alas
291 1261 326 1288 et
346 1258 501 1298 plumam
594 1260 658 1292 366
677 1258 792 1290 nitidis
812 1258 885 1290 olor
904 1258 1019 1290 euolat
1037 1258 1100 1290 alis
1121 1259 1194 1290 cod.
1217 1258 1320 1295 Flor.,
1340 1256 1455 1289 nitidis
1475 1256 1566 1289 olore
1585 1256 1735 1288 uolantis

200 1307 265 1347 GL,
291 1309 391 1340 uttibi
415 1309 524 1341 solore
548 1309 629 1342 uola
652 1310 730 1341 talis
754 1310 790 1341 M
881 1312 1034 1343 367-388
1056 1310 1141 1341 facit
1165 1309 1301 1351 Cycnus
1325 1319 1476 1350 aucupes
1500 1309 1629 1349 quique
1652 1318 1735 1339 aues

199 1360 391 1391 humanum
419 1372 612 1392 sermonem
640 1361 789 1393 doceant
815 1361 945 1392 lucriue
973 1372 1077 1392 causa
1104 1362 1264 1392 nutriant
1355 1362 1419 1393 368
1446 1360 1553 1391 aerios
1577 1359 1734 1400 populos,

200 1411 303 1442 Hom.
332 1412 371 1443 Il.
400 1421 427 1443 ΙΙ
452 1413 517 1443 459
545 1414 674 1453 ὀρνίθων
703 1415 863 1451 πετεηνῶν
892 1414 995 1449 ἔθνεα,
1024 1412 1113 1444 Stat.
1141 1412 1216 1443 Silu.
1244 1420 1272 1443 II
1296 1413 1318 1442 4
1342 1412 1385 1442 24
1410 1411 1519 1442 aeriae
1537 1435 1544 1442 .
1564 1435 1571 1442 .
1591 1435 1598 1442 .
1616 1410 1733 1451 yemis,

199 1462 290 1494 Man.
311 1472 348 1494 IV
365 1464 430 1494 286
446 1463 588 1503 populos
606 1464 752 1504 piscium
844 1463 931 1495 caelo
948 1463 1105 1500 dicatum,
1125 1463 1218 1495 Seru.
1238 1463 1322 1494 Aen.
1342 1471 1365 1494 v
1382 1464 1445 1494 517
1464 1462 1559 1493 nulla
1577 1486 1583 1493 .
1604 1486 1610 1493 .
1631 1486 1637 1493 .
1656 1461 1735 1493 auis

198 1517 284 1545 caret
302 1515 553 1551 consecratione,
573 1515 653 1555 quia
669 1514 821 1555 sinqulae
837 1525 916 1546 aues
932 1515 1130 1546 numinibus
1147 1518 1225 1546 sunt
1241 1517 1455 1551 consecratae,
1475 1522 1543 1545 VIII
1562 1514 1603 1545 64
1625 1513 1632 1526 ‘
1646 1513 1734 1545 caelo

200 1565 434 1605 yrat'issimus'
458 1576 521 1606 pro
546 1566 598 1597 his
622 1566 680 1606 qui
705 1566 742 1597 in
767 1566 854 1597 caelo
878 1570 956 1597 sunt
1048 1568 1112 1599 369
1136 1565 1283 1597 alituum
1307 1565 1332 1597 L
1357 1568 1392 1597 et
1416 1575 1478 1606 pro
1503 1575 1575 1596 uar.
1601 1564 1678 1596 lect.
1706 1563 1734 1596 G

200 1627 245 1648 m.
272 1619 300 1654 1,
323 1617 470 1648 altiuum
492 1616 530 1655 G,
553 1617 675 1649 alitum
695 1617 731 1649 M
822 1626 928 1658 genus
949 1616 986 1648 in
1007 1618 1169 1654 Huetius,
1192 1626 1257 1657 que
1278 1625 1385 1658 genus
1405 1616 1494 1653 libri,
1516 1626 1611 1647 omne
1631 1626 1734 1656 yenus

200 1669 390 1700 Reinesius.
440 1670 558 1700 auium
588 1669 763 1700 studiosus
793 1670 858 1701 erit
887 1672 923 1700 et
951 1669 1031 1700 inde
1060 1668 1331 1710 locupletabitur
1422 1670 1486 1701 370
1514 1667 1623 1699 fluent
1652 1667 1732 1705 GL2,

198 1719 309 1751 fluant
331 1720 394 1751 LM
417 1721 491 1751 cod.
518 1721 680 1751 Venetus.
723 1720 832 1761 fluent
855 1731 875 1751 a
898 1720 1019 1757 sidere,
1043 1720 1138 1760 quod
1160 1730 1231 1751 non
1254 1720 1429 1751 omittitur
1452 1727 1490 1750 IV
1513 1720 1577 1750 270
1669 1721 1732 1752 371

199 1771 329 1803 medios
363 1770 428 1809 GL,
462 1771 594 1803 modios
627 1771 663 1803 M
753 1780 913 1812 prensare
946 1770 1015 1802 GL²
1048 1772 1138 1803 sicut
1171 1772 1365 1802 coniecerat
1397 1770 1558 1811 Scaliger,
1590 1779 1733 1811 pensare

199 1822 262 1854 LM
353 1825 417 1856 372
436 1822 523 1854 nidis
543 1822 707 1855 damnare
727 1822 755 1854 G
774 1833 818 1854 m.
843 1824 857 1854 l
880 1833 942 1863 pro
962 1833 1034 1854 uar.
1055 1822 1147 1859 lect„
1167 1821 1292 1854 nitidos
1312 1821 1460 1853 clamare
1480 1820 1594 1853 GLM:
1628 1821 1730 1853 Mart.

200 1883 224 1905 X
246 1875 286 1905 16
306 1875 325 1905 6
345 1885 424 1915 pars
443 1874 609 1905 librorum
628 1874 747 1905 nitidis
766 1884 828 1915 pro
851 1873 953 1904 nidis.
1003 1873 1057 1904 hic
1076 1883 1215 1914 quoque
1232 1883 1353 1904 uerum
1373 1873 1555 1904 inuenerat
1572 1872 1732 1914 Scaliger,

199 1927 259 1966 qui
283 1925 431 1957 contulit
455 1925 558 1956 Solin.
586 1927 605 1956 8
625 1927 642 1956 7
663 1925 874 1965 Philippus.
895 1949 901 1957 .
922 1949 929 1956 .
948 1925 1127 1956 damnatus
1150 1928 1195 1956 est
1221 1925 1314 1956 oculo
1338 1924 1427 1955 iactu
1450 1924 1598 1964 sagittae,
1622 1924 1658 1955 id
1680 1927 1734 1956 est

199 1977 289 2008 oculi
321 1977 450 2007 damno
483 1977 651 2008 adfectus.
700 1977 784 2008 haec
817 1976 900 2007 ficta
932 1986 1004 2007 esse
1037 1976 1201 2007 uidentur
1233 1976 1279 2007 ad
1311 1975 1487 2017 exemplar
1518 1975 1733 2007 locutionum

199 2028 318 2069 quales
334 2031 415 2059 sunt
431 2028 504 2059 Liu.
524 2037 547 2058 x
566 2029 579 2058 1
599 2029 618 2059 3
637 2028 834 2059 Frusinates
850 2027 945 2059 tertia
956 2031 1052 2068 parte
1066 2027 1139 2068 ayri
1154 2026 1316 2064 damnati,
1333 2035 1481 2058 XXXVIII
1496 2027 1538 2058 35
1554 2028 1574 2057 5
1586 2026 1733 2067 pecunia

198 2090 264 2119 qua
282 2103 288 2110 .
309 2103 315 2110 .
337 2104 343 2110 .
357 2079 597 2120 frumentarios
615 2103 622 2110 .
642 2103 649 2110 .
670 2103 676 2110 .
695 2079 899 2110 damnarunt
989 2078 1092 2115 nidis,
1110 2078 1224 2119 pullis,
1242 2081 1282 2110 ut
1298 2078 1398 2119 Verg.
1416 2088 1528 2119 georg.
1547 2086 1585 2109 IV
1604 2079 1643 2109 17

244 2130 311 2161 alio
336 2130 459 2161 ducere
480 2130 589 2161 uideri
610 2133 756 2171 possunt
777 2130 920 2171 Dionys.
945 2131 1040 2170 ὀρνιθ.
1062 2138 1104 2160 111
1125 2130 1144 2161 3
1169 2131 1262 2160 ἄλλοι
1287 2130 1319 2160 δέ
1342 2141 1431 2160 τινεσ
1454 2130 1600 2170 στρουθοὶ
1623 2131 1676 2160 καὶ
1699 2132 1732 2160 ἐν

199 2182 238 2221 τῇ
279 2183 407 2221 θαλάμῃ
447 2181 485 2212 δι’
526 2183 671 2212 ἐπινοίασ
710 2184 864 2219 τοιαύτησ
903 2183 1089 2221 ἀγρεύονται
1130 2183 1194 2212 oet.
1235 2183 1270 2212 et
1308 2191 1329 2211 a
1367 2180 1537 2221 Scaligero
1574 2180 1733 2212 adlatum

201 2234 289 2274 Opp.
325 2232 393 2263 hal.
430 2241 443 2263 I
475 2233 514 2264 31
550 2242 600 2273 sq.
636 2234 714 2263 τοὺσ
747 2234 804 2271 μὲν
837 2233 900 2273 ’γὰρ
933 2234 1139 2263 κνώσσοντασ
1174 2233 1365 2268 ἐληίσσαντο
1398 2233 1514 2270 καλιῆσ
1543 2229 1547 2274 Ι
1574 2233 1730 2272 κρύβδην;

199 2284 260 2315 sed
295 2283 430 2315 Bentlei
465 2287 702 2315 commentum
735 2287 868 2324 captare
902 2284 1095 2324 speciosum
1129 2293 1199 2314 non
1233 2286 1297 2320 est,
1329 2293 1441 2324 neque
1471 2282 1660 2324 prudenter
1690 2293 1733 2314 ex

200 2337 337 2376 κρύβδην
362 2335 614 2366 coniectaretur
634 2334 720 2366 clam
741 2345 820 2366 cum
842 2335 981 2366 maioris
1002 2335 1208 2366 mutationis
1228 2334 1434 2365 necessitate
1525 2335 1589 2367 373
1611 2333 1734 2366 ducere

200 2386 246 2424 M,
275 2385 384 2417 dicere
413 2385 477 2423 GL,
506 2385 635 2417 deicere
662 2396 724 2426 pro
752 2396 824 2417 uar.
853 2385 930 2417 lect.
959 2384 987 2417 G
1014 2396 1058 2416 m.
1090 2387 1119 2422 1,
1147 2395 1210 2416 nec
1233 2388 1318 2426 apto
1344 2385 1452 2416 uerbo
1478 2387 1514 2416 et
1540 2385 1687 2426 synizesi
1712 2395 1733 2416 a

199 2437 330 2468 Manilii
355 2440 440 2473 arte,
464 2447 571 2477 quam
596 2437 785 2468 Bechertus
808 2440 844 2468 et
868 2437 1042 2468 Breiterus
1065 2447 1133 2468 non
1158 2439 1393 2478 perceperant,
1412 2436 1621 2468 abhorrenti.
1663 2446 1733 2468 non

200 2488 338 2519 meliore
366 2488 438 2518 iure
466 2488 637 2518 iudicione
664 2487 836 2519 limatiore
862 2487 985 2519 deicere
1012 2488 1127 2519 uersui
1153 2488 1238 2520 Ciris
1268 2488 1331 2519 118
1355 2498 1376 2518 a
1400 2486 1573 2519 Vollmero
1595 2486 1732 2518 illatum

199 2542 252 2571 est
342 2538 413 2570 lina
438 2538 484 2576 M,
510 2538 593 2570 luna
618 2538 654 2577 L,
681 2538 765 2570 uina
790 2538 859 2570 GL2
951 2541 1016 2572 374
1039 2539 1257 2580 interpunxit
1282 2538 1408 2580 Fayus.
1456 2538 1576 2575 uentri,
1602 2539 1734 2569 uentris

200 2600 315 2626 causa,
329 2593 369 2620 ut
381 2590 446 2621 489
459 2589 546 2620 caelo
559 2589 680 2621 militat
692 2602 699 2620 :
725 2589 811 2621 Plin.
827 2590 896 2621 n.h.
912 2598 1005 2621 XXVI
1018 2590 1060 2622 43
1074 2589 1151 2621 huic
1165 2589 1272 2630 (aluo)
1290 2589 1470 2629 nauiyatur
1487 2589 1530 2620 ad
1546 2588 1687 2620 Phasim

297 2641 413 2671 luxum
429 2643 465 2671 et
481 2640 591 2671 uentri
607 2640 785 2671 uocabulis
802 2640 948 2672 eandem
964 2651 1037 2672 rem
1054 2640 1237 2682 significari
1254 2640 1348 2680 (uide
1369 2641 1431 2672 195
1451 2641 1517 2680 sq.)
1538 2643 1574 2671 et
1592 2640 1683 2671 inter
1698 2650 1734 2671 se

204 2692 377 2723 contraria
394 2701 466 2722 esse
484 2691 553 2722 iam
571 2694 606 2722 et
623 2691 717 2722 modo
736 2691 814 2731 (hoc
832 2694 884 2723 est
901 2691 1006 2732 paulo
1023 2693 1119 2731 ante)
1138 2691 1222 2723 mihi
1239 2691 1425 2722 dicendum
1442 2701 1514 2722 esse
1531 2691 1690 2732 indignor

291 2744 443 2775 374—377
467 2742 616 2773 contulit
639 2742 788 2783 Scaliger
811 2742 888 2774 Sen.
914 2742 994 2773 dial.
1017 2751 1072 2773 XII
1094 2744 1133 2774 10
1154 2744 1173 2773 2
1194 2752 1244 2783 sq.
1266 2742 1303 2773 di
1323 2742 1401 2773 istos
1421 2742 1560 2781 deaeque
1580 2741 1733 2782 perdant,

202 2804 342 2834 quorum
373 2793 510 2825 luxuria
542 2797 609 2825 tam
641 2793 807 2825 inuidiosi
838 2793 974 2834 imperii
998 2793 1087 2835 fines
1119 2793 1328 2825 transcendit.
1376 2793 1463 2825 ultra
1494 2793 1626 2824 Phasin
1656 2793 1734 2834 capi
