1855 3088
169 95 172 97 ’
189 121 242 159 84
779 121 839 163 M.
873 121 1125 163 MANILII

347 247 423 273 nec
443 233 600 287 cepisse
620 238 687 275 sat
706 238 771 275 est
790 248 798 275 ε
835 234 1052 276 luctantur
1071 248 1246 289 corpora
1265 234 1386 276 nodis

224 313 291 344 665
347 312 660 362 expectantque
679 322 812 349 nouas
832 309 942 350 acies
960 309 1153 363 ferroque
1172 314 1390 359 necantur,

347 381 615 436 inficiturque
635 397 710 423 suo
730 383 966 437 permixtus
985 383 1186 438 sanguine
1205 388 1375 438 pontus.

346 460 441 496 tum
461 470 641 511 quoque,
663 471 760 498 cum
778 462 873 498 toto
893 457 1114 499 iacuerunt
1132 457 1253 498 litore
1273 457 1467 512 praedae,

347 530 480 571 altera
499 531 550 572 fit
569 531 708 572 caedis
727 532 875 573 caedes
895 546 903 573 :
940 532 1190 573 scinduntur
1208 531 1253 573 in
1272 537 1390 573 artus

348 618 520 659 corpore
540 610 583 647 et
603 620 655 646 ex
674 620 758 647 uno
778 606 921 647 uarius
940 606 1182 647 discribitur
1200 620 1314 647 usus.

224 685 292 717 670
347 679 417 720 illa
438 679 549 720 datis
569 680 727 731 melior,
749 681 858 722 sucis
877 695 975 735 pars
994 681 1064 722 illa
1083 680 1272 722 retentis.

347 752 444 795 hinc
465 754 600 796 sanies
620 755 804 810 pretiosa
823 755 919 797 fluit
937 755 1167 811 floremque
1186 754 1343 796 cruoris

185 928 212 955 et
238 925 401 956 nomina
428 926 557 957 uilica
584 926 665 958 lini
681 925 684 969 Ι
698 926 842 967 colaque,
860 927 951 958 Petr.
973 927 1035 958 119
1057 927 1099 957 26
1118 926 1190 958 laxi
1208 926 1316 958 crines
1335 929 1364 958 et
1385 929 1428 957 tot
1449 935 1540 957 noua
1559 924 1724 957 nomina

185 976 326 1013 uestis,
356 976 442 1008 Plin.
473 977 542 1008 n.h.
573 986 682 1008 XXXII
712 979 773 1009 152
801 977 854 1009 his
881 978 1065 1009 adiciemus
1091 978 1132 1008 ab
1162 977 1286 1009 Ouidio
1313 977 1426 1018 posita
1454 977 1619 1008 nomina
1639 985 1724 1017 quae

184 1027 277 1067 apud
296 1028 462 1059 neminem
482 1029 589 1060 alium
611 1030 822 1069 reperiuntur
841 1029 897 1060 sed
910 1029 1068 1070 fortassis
1088 1029 1126 1060 in
1145 1029 1252 1060 Ponto
1271 1028 1496 1065 nascentia,
1515 1052 1522 1059 .
1543 1052 1550 1059 .
1570 1052 1577 1059 .
1596 1028 1722 1064 bouem,

183 1087 351 1118 cercyrum
363 1081 428 1109 etc.
446 1092 453 1116 ;
478 1089 560 1110 nam
573 1080 687 1111 minus
699 1078 826 1110 similia
838 1083 920 1111 sunt
932 1090 1022 1120 quae
1033 1078 1210 1111 Vahlenus
1223 1089 1340 1120 opusc.
1354 1088 1368 1110 1
1380 1089 1438 1120 pp.
1453 1079 1562 1111 57-60
1575 1076 1725 1119 collegit,

185 1131 225 1160 ut
260 1129 326 1161 Cio.
363 1130 446 1162 fam.
477 1139 530 1161 V11
555 1133 574 1162 5
602 1132 622 1162 3
653 1130 731 1162 huic
762 1142 817 1171 eqo
848 1142 950 1172 neque
983 1130 1191 1162 tribunatum
1220 1141 1322 1172 neque
1350 1129 1594 1171 praefecturam
1623 1139 1727 1170 neque

184 1179 289 1212 ullius
311 1181 462 1224 beneficii
481 1186 604 1214 certum
625 1193 745 1214 nomen
763 1187 838 1223 peto
860 1185 922 1215 aut
944 1183 1021 1215 Sen.
1045 1182 1143 1214 clem.
1167 1191 1181 1213 Ι
1201 1184 1244 1214 26
1266 1184 1285 1214 2
1308 1185 1514 1223 apparentur
1535 1181 1726 1222 (conuiuia)

186 1242 308 1272 mayna
335 1232 479 1273 inpensa
506 1238 535 1265 et
562 1234 663 1274 reqiis
690 1233 809 1274 opibus
837 1237 866 1265 et
893 1234 1060 1276 artificum
1087 1232 1262 1275 exquisitis
1289 1232 1492 1265 nominibus.
1540 1232 1602 1264 sed
1628 1234 1727 1264 mota

184 1283 269 1314 mihi
283 1286 432 1325 suspicio
445 1289 499 1316 est
511 1288 546 1316 et
560 1286 594 1317 in
609 1286 741 1317 Manilii
756 1287 792 1316 et
805 1286 841 1317 in
856 1285 1000 1317 Ausonii
1016 1295 1117 1317 uersu
1131 1285 1299 1317 rariorem
1313 1295 1434 1317 uocem
1448 1284 1566 1322 fuisse,
1581 1282 1725 1321 nemine,

185 1334 332 1372 nemina,
348 1346 416 1377 quo
431 1337 554 1368 ducere
568 1337 708 1368 uidetur
721 1336 829 1369 schol.
845 1337 920 1368 qu.
937 1345 976 1367 V1
990 1338 1030 1368 80
1046 1337 1228 1378 (conopeo)
1242 1336 1299 1368 hoc
1314 1340 1360 1367 est
1372 1335 1503 1368 linum
1517 1333 1727 1367 tenuissimis

185 1386 355 1418 maculis
387 1392 518 1419 netum
542 1388 766 1429 (Lessingius,
780 1391 939 1419 nanctum
953 1389 1028 1420 cod.
1044 1388 1167 1419 eadem
1179 1388 1377 1419 litterarum
1391 1398 1408 1419 e
1421 1397 1460 1419 ae
1473 1397 1511 1419 ac
1525 1386 1727 1419 confusione

184 1447 255 1477 qua
278 1448 320 1469 ex
344 1440 552 1470 macularum
575 1440 629 1471 hic
652 1439 787 1471 factum
810 1442 864 1470 est
887 1439 1099 1478 meularum).
1145 1439 1239 1470 idem
1262 1437 1484 1476 uocabulum,
1508 1438 1604 1479 quod
1626 1438 1727 1469 extat

183 1489 219 1520 in
240 1489 349 1521 C.I.L.
371 1499 408 1521 VI
427 1492 538 1522 20674
558 1492 676 1531 (carm.
698 1492 803 1532 epigr.
826 1491 953 1522 Buech.
975 1491 1054 1529 436)
1077 1492 1113 1522 11
1137 1489 1224 1521 trino
1243 1490 1282 1521 de
1300 1489 1433 1521 nemine
1446 1488 1526 1530 fati,
1546 1489 1662 1521 nescio
1681 1499 1726 1520 an

184 1541 304 1581 reponi
320 1541 445 1573 debeat
460 1543 496 1574 in
511 1541 553 1574 el.
570 1543 677 1574 Maec.
694 1550 725 1573 11
738 1543 792 1579 32,
809 1542 936 1582 expleat
951 1541 1071 1574 amissi
1085 1541 1247 1573 nemina
1266 1546 1366 1581 rupta
1385 1551 1492 1581 qener,
1512 1551 1597 1573 nam
1617 1539 1727 1581 magis

185 1593 322 1633 proprie
339 1594 494 1625 stamina
512 1604 618 1635 quam
638 1604 777 1624 munera
795 1594 910 1634 rumpi
928 1594 1092 1625 dicuntur
1112 1593 1208 1632 (Luc.
1229 1601 1273 1624 111
1293 1593 1345 1629 19,
1365 1592 1442 1624 Sen.
1464 1592 1540 1624 Oct.
1563 1593 1615 1629 15,
1635 1591 1725 1623 Stat.

185 1643 292 1675 Theb.
310 1653 378 1675 VIII
394 1646 445 1681 13,
462 1645 538 1677 qu.
557 1654 621 1675 XIV
636 1646 714 1683 247,
729 1655 834 1676 carm.
852 1646 956 1686 epigr.
976 1644 1061 1676 1549
1076 1645 1110 1683 5)
1125 1655 1187 1676 nec
1204 1644 1318 1675 minus
1332 1647 1424 1676 recte
1439 1642 1579 1685 expleri,
1595 1641 1728 1674 scribae

185 1698 305 1726 autem
337 1706 476 1727 munera
508 1697 639 1738 passim
670 1707 733 1738 pro
765 1696 905 1727 nomina
936 1699 972 1727 et
999 1695 1143 1727 numina
1174 1697 1433 1736 supposuerunt
1525 1697 1588 1728 665
1620 1704 1727 1725 nouas

185 1745 283 1783 acies,
302 1758 434 1779 nouum
451 1748 645 1779 discrimen.
693 1751 785 1779 recte
803 1748 891 1778 thes.
908 1746 991 1788 ling.
1012 1746 1089 1778 Lat.
1110 1755 1123 1777 1
1139 1757 1172 1788 p.
1192 1748 1256 1778 412
1276 1747 1340 1778 78:
1372 1745 1505 1777 Manilii
1521 1746 1728 1787 interpretes

186 1808 278 1829 noua
301 1799 517 1839 thynnorum
540 1800 679 1840 agmina
703 1799 912 1830 adnatantia
934 1797 1132 1839 intellegere
1155 1798 1225 1829 iam
1248 1797 1349 1829 facile
1373 1797 1457 1829 mihi
1480 1797 1640 1829 credetur

233 1851 296 1882 666
318 1853 443 1890 pontus
468 1850 548 1887 GL2,
572 1853 672 1891 potus
696 1850 759 1881 LM
849 1860 909 1881 suo
932 1849 1108 1890 sanquine,
1136 1849 1144 1861 ⁴
1158 1859 1201 1880 ex
1225 1859 1260 1880 se
1284 1851 1380 1886 nato,
1406 1859 1510 1890 quem
1532 1848 1606 1890 ipse
1630 1847 1728 1879 dedit

186 1900 338 1940 piscibus
354 1902 361 1914 ’
391 1901 597 1933 Gronouius.
644 1901 780 1933 Manilii
806 1901 921 1933 uerbis
947 1900 1053 1932 aliam
1080 1900 1367 1942 significationem
1394 1899 1542 1932 subiecit
1567 1899 1728 1931 Lucanus

186 1960 230 1982 111
263 1953 327 1983 576
361 1963 410 1994 sq.
446 1953 659 1985 semianimes
693 1953 757 1984 alii
789 1957 924 1984 uastum
956 1951 1084 1983 subiere
1114 1950 1323 1992 profundum
1351 1949 1356 1994 Ι
1383 1951 1626 1992 hauseruntque
1657 1960 1728 1982 suo

186 2005 386 2043 permixta
394 2016 427 2035 m
456 2005 654 2045 sanquine
683 2008 850 2044 pontum
941 2006 1005 2037 667
1056 2005 1133 2035 tum
1185 2011 1319 2044 quoque
1371 2002 1562 2039 Bentleius‚
1613 2004 1727 2034 totum

187 2063 320 2095 quoque
343 2055 388 2091 M.
412 2058 525 2087 totum
547 2056 650 2087 metri
672 2066 776 2087 causa
799 2055 863 2087 GL.
912 2053 971 2086 Sil.
996 2063 1046 2085 XV
1069 2055 1133 2086 686
1155 2058 1226 2086 tum
1247 2065 1372 2095 quoque
1394 2054 1430 2091 C,
1453 2057 1583 2085 tantum
1603 2063 1729 2094 quoque

188 2105 255 2142 FL,
275 2110 404 2138 tantum
424 2108 484 2139 OV
576 2110 640 2140 668
657 2107 696 2138 fit
716 2106 754 2143 G,
773 2106 817 2138 sit
834 2106 886 2145 L2‚
905 2105 954 2138 sic
972 2106 1018 2144 M,
1039 2116 1107 2137 om.
1127 2106 1163 2138 L.
1255 2105 1366 2137 caedis
1383 2105 1507 2143 caedes,
1525 2107 1728 2136 necatorum

187 2158 316 2189 sectio:
366 2157 571 2189 membratim
604 2158 693 2189 caesi
724 2158 852 2198 thynni
885 2159 1204 2189 commemorantur
1234 2156 1322 2188 Plin.
1358 2157 1428 2188 n.h.
1456 2165 1498 2187 IX
1530 2158 1574 2188 48
1664 2158 1728 2189 669

188 2217 327 2249 corpore
355 2210 451 2241 Voss.
484 2212 513 2247 1,
542 2219 684 2251 corpora
711 2209 825 2240 GLM:
872 2208 971 2240 ‘tum
998 2208 1213 2240 constructio
1246 2208 1313 2239 erit
1343 2218 1382 2240 ea:
1412 2217 1480 2238 uno
1510 2218 1577 2239 usu
1607 2206 1728 2238 uarius

189 2270 281 2291 usus.
310 2271 449 2301 prorsus
474 2261 622 2292 absurde
638 2261 645 2273 ’
678 2260 857 2292 Bentleius
958 2259 1151 2291 discribitur
1181 2259 1228 2298 M,
1259 2258 1459 2291 describitur
1491 2257 1545 2290 GL
1645 2268 1728 2290 usus

188 2321 295 2351 quam
316 2313 431 2344 uarius
450 2313 555 2343 fuerit
576 2311 754 2343 declarant
774 2314 923 2350 τεμαχῶν
946 2311 1089 2342 nomina
1108 2310 1196 2342 Plin.
1218 2311 1288 2342 n.h.
1310 2319 1350 2341 IX
1369 2311 1413 2342 48
1431 2313 1468 2341 et
1486 2309 1615 2351 passim
1634 2309 1729 2351 apud

190 2361 348 2400 GraeCOS‚
367 2364 480 2394 ceruix
497 2363 655 2394 abdomen
672 2362 814 2394 clidium
832 2362 1025 2403 melandrya
1045 2364 1140 2402 ἦτρον
1165 2363 1381 2402 ὑπογάστριον
1406 2363 1580 2400 κεφάλαιον
1605 2363 1727 2402 οὐραῖον

189 2413 257 2444 alia
349 2417 500 2448 670-675
525 2415 594 2446 duo
619 2425 662 2445 ex
687 2413 807 2445 multis
833 2416 1149 2445 commemorantur
1173 2424 1266 2450 usus,
1293 2411 1382 2444 alter
1405 2411 1616 2453 liquaminis,
1643 2410 1731 2443 alter

189 2464 360 2496 solidioris
384 2466 597 2497 condimenti
689 2467 754 2498 670
776 2464 917 2496 retentis
942 2464 980 2503 G,
997 2463 1142 2496 recentis
1158 2464 1221 2495 LM
1237 2464 1312 2495 eod.
1328 2464 1481 2495 Venetus
1570 2473 1728 2495 numero-

189 2516 259 2547 sius
283 2520 362 2557 post
386 2517 475 2548 sucis
499 2516 661 2548 Molinius
684 2519 720 2547 et
742 2515 893 2557 Scaliger
914 2526 1020 2556 quam
1040 2518 1120 2557 post
1136 2526 1219 2555 pars
1238 2515 1355 2556 Fayus
1373 2518 1409 2546 et
1429 2513 1606 2546 Bentleius
1624 2514 1729 2546 inter-

190 2571 361 2608 pungunt,
386 2569 475 2599 sicut
500 2567 580 2598 Luc.
607 2576 635 2597 ΙΙ
659 2569 701 2598 54
725 2578 816 2598 nunc
841 2567 956 2598 editur
979 2566 1056 2598 hinc
1081 2568 1206 2603 Dacus,
1229 2569 1359 2606 premat
1383 2565 1460 2597 inde
1483 2565 1574 2596 Getes
1665 2567 1728 2599 671

190 2618 278 2655 hinc,
294 2629 336 2650 ex
352 2622 450 2659 parte
466 2619 557 2649 datis
572 2619 662 2649 sucis
678 2617 828 2655 meliore,
845 2629 934 2659 quae
948 2618 1116 2649 intestina
1130 2621 1223 2653 sunt,
1240 2617 1331 2649 unde
1346 2617 1386 2648 fit
1400 2627 1532 2658 garum.
1581 2615 1730 2648 contulit

192 2670 342 2701 Huetius
355 2680 453 2711 geop.
471 2679 522 2700 XX
536 2671 578 2700 46
594 2671 613 2700 6
628 2672 664 2700 τὸ
682 2671 714 2700 δὲ
732 2671 862 2700 κάλλιον
883 2671 998 2710 Ὑάροσ,
1017 2671 1054 2700 τὸ
1075 2671 1268 2707 καλούμενον
1289 2670 1472 2707 αἱμάτιον,
1493 2670 1573 2699 οὕτω
1591 2669 1723 2707 γίνεται.

192 2723 392 2761 λαμβάνεται
419 2723 460 2752 τὰ
487 2724 608 2759 ἔγκατα
635 2723 690 2751 τοῦ
719 2722 829 2751 θύννου
856 2723 937 2758 μετὰ
964 2722 1026 2751 τῶν
1055 2722 1262 2760 ἐμβραγχίων
1290 2722 1342 2751 καὶ
1368 2722 1423 2751 τοῦ
1448 2721 1568 2759 Ζχῶροσ
1593 2721 1646 2750 καὶ
1671 2720 1727 2750 τοῦ

193 2775 330 2810 αἵματοσ
354 2776 432 2809 eto„
453 2771 541 2804 Plin.
562 2772 631 2804 n.h.
657 2780 751 2803 XXXI
773 2772 813 2803 93
836 2772 976 2812 liquoris
997 2771 1155 2812 eaequisiti
1175 2781 1290 2811 qenus,
1309 2769 1396 2812 quod
1416 2780 1536 2811 qarum
1557 2779 1728 2806 uocauere,

194 2824 362 2856 intestinis
390 2825 540 2865 piscium
568 2824 743 2864 ceterisque
773 2834 856 2864 quae
886 2823 1060 2855 abicienda
1089 2827 1195 2855 essent
1223 2822 1292 2854 sale
1323 2822 1507 2859 maceratis,
1535 2825 1570 2854 ut
1599 2821 1644 2853 sit
1669 2821 1730 2854 illa
