1855 3088
597 146 1079 190 ASTRONOMICON
1110 146 1151 188 V
1583 146 1634 184 41

269 273 354 299 non
373 259 442 300 illo
463 273 604 300 coram
623 259 777 314 digitos
797 259 1052 314 quaesiuerit
1070 259 1207 308 hasta,

270 333 532 388 defueritque
552 333 673 375 bonis
692 339 841 383 sector,
862 348 1126 388 poenamque
1145 333 1329 374 lucretur

147 414 214 445 320
268 406 418 448 noxius
439 412 482 448 et
500 407 684 462 patriam
703 408 911 449 fraudarit
929 407 1095 449 debitor
1115 407 1232 448 aeris.

269 481 458 535 cognitor
477 486 541 523 est
560 481 687 524 urbis.
744 496 821 523 nec
840 496 926 523 non
945 481 1111 522 lasciuit
1130 495 1292 521 amores

269 554 313 596 in
331 555 470 596 uarios
488 556 693 611 ponitque
712 556 851 597 forum
871 556 1074 597 suadente
1093 555 1248 609 Lyaeo,

268 629 434 670 mobilis
453 629 497 671 in
516 629 648 671 saltus
668 635 712 671 et
730 644 904 671 scaenae
923 629 1087 670 mollior
1106 634 1209 670 arte.

322 717 434 745 nunc
454 709 648 759 surgente
667 704 779 759 Lyra
798 703 1024 746 testudinis
1043 708 1191 745 enatat
1209 702 1333 743 undis

110 862 291 894 translatio
308 865 361 894 est
451 865 515 896 319
531 863 626 905 prius
644 872 708 904 que
725 873 791 895 om.
811 862 847 895 M
938 865 1002 896 319
1027 865 1090 896 320
1108 862 1241 894 delator
1257 861 1318 893 fiet
1335 864 1370 892 et
1387 859 1639 902 quadruplator

111 913 302 955 efficietque
327 924 370 946 ne
395 915 472 955 quis
498 915 639 956 impune
664 915 823 946 fraudem
849 914 980 955 legibus
1006 914 1125 945 fecerit
1213 923 1356 953 poenam
1382 912 1534 948 lucretur,
1561 911 1637 942 Val.

111 964 202 996 Max.
227 973 265 996 1v
290 966 304 996 1
333 967 372 997 10
396 965 509 1007 Scipio
533 976 652 997 censor
676 967 848 997 centurias
871 975 1115 1006 recognoscens
1139 965 1297 1005 equitum
1321 963 1509 999 Sacerdoti,
1534 973 1638 1003 quem

111 1016 278 1057 peierasse
294 1016 435 1054 sciebat,
452 1016 547 1048 nullo
563 1020 748 1049 accusante
767 1016 922 1048 transduc
944 1026 1062 1056 equum
1083 1016 1197 1056 inquit
1218 1026 1256 1046 ac
1278 1015 1362 1046 lucri
1377 1014 1435 1055 fac
1456 1014 1638 1045 censoriam

111 1070 223 1098 notam
332 1067 454 1099 debitor
482 1068 580 1105 aeris,
611 1068 705 1100 Suet.
735 1068 821 1109 Aug.
851 1069 892 1100 32
920 1069 939 1099 2
968 1067 1097 1099 tabulas
1123 1070 1269 1098 ueterum
1296 1066 1420 1097 aerarii
1446 1065 1637 1101 debitorum,

111 1117 164 1149 uel
184 1118 403 1159 praecipuam
427 1119 659 1150 calumniandi
683 1119 867 1156 materiam,
893 1119 1027 1156 exussit,
1053 1119 1132 1149 Tac.
1159 1129 1238 1149 ann.
1266 1126 1335 1148 XIII
1359 1118 1400 1149 23
1426 1118 1490 1147 2-—1
1515 1116 1639 1147 Paetus

110 1168 257 1209 quidam,
286 1170 470 1201 exercendis
498 1170 590 1210 apud
617 1170 786 1202 aerarium
813 1170 1011 1201 sectionibus
1033 1169 1198 1210 famosus,
1227 1170 1323 1200 cuius
1352 1168 1480 1199 tabulae
1507 1171 1639 1198 exustae

110 1224 198 1258 sunt,
215 1220 333 1260 quibus
348 1221 529 1254 oblitterata
545 1221 669 1253 aerarii
685 1221 823 1252 nomina
838 1220 1017 1252 retrahebat
1108 1223 1171 1253 320
1187 1219 1354 1251 fraudarit
1369 1218 1449 1257 GL2,
1465 1218 1641 1250 fraudaret

111 1270 174 1302 LM
192 1271 266 1303 cod.
287 1272 440 1304 Venetus
531 1275 593 1305 321
613 1272 758 1312 coqnitor
776 1275 821 1303 est
840 1272 943 1309 urbis,
963 1272 1144 1303 uniuersae
1163 1271 1316 1302 ciuitatis
1336 1281 1476 1301 causam
1496 1270 1639 1311 suscipit

111 1325 147 1354 et
174 1323 220 1353 sic
248 1326 367 1354 tuetur
393 1326 434 1354 ut
461 1334 570 1354 suam.
618 1326 835 1354 accusatores
863 1323 1023 1354 custodes
1051 1323 1165 1354 iurum
1193 1321 1347 1363 appellat
1374 1321 1529 1352 Tiberius
1557 1321 1636 1352 Tac.

112 1383 190 1404 ann.
210 1382 247 1404 Iv
264 1374 305 1405 30
322 1375 352 1405 4.
400 1374 571 1406 intellexit
588 1373 782 1406 Gronouius
800 1374 841 1405 de
859 1377 938 1405 sest.
958 1382 995 1404 IV
1012 1384 1039 1405 c.
1059 1375 1078 1405 3
1097 1375 1168 1414 (pp.
1188 1374 1251 1404 272
1269 1383 1344 1413 sqq.
1363 1372 1415 1403 ed.
1435 1383 1493 1404 an.
1515 1373 1613 1411 1691)
1630 1384 1636 1403 :

112 1424 191 1456 uide
213 1428 391 1466 praeterea
412 1426 498 1457 thes.
524 1425 603 1466 ling.
628 1425 705 1457 Lat.
731 1434 775 1457 111
795 1436 828 1467 p.
853 1427 938 1457 1488
959 1426 1001 1456 24
1022 1435 1097 1466 sqq.
1181 1425 1288 1456 sectio
1310 1427 1345 1455 et
1366 1424 1547 1464 cognitura
1569 1433 1639 1454 una

112 1480 426 1508 commemorantur
454 1476 548 1509 Suet.
579 1477 648 1508 Vit.
679 1478 699 1508 2
731 1478 745 1508 l
770 1476 869 1517 filius
897 1476 1095 1508 sectionibus
1124 1479 1153 1507 et
1180 1475 1362 1515 coqnituris
1390 1475 1524 1506 uberius
1552 1485 1637 1506 com-

109 1526 272 1566 pendium
305 1531 446 1559 nanctus
535 1527 628 1560 urbis
663 1528 699 1559 M
734 1528 824 1559 sicut
859 1529 1052 1559 coniecerat
1087 1526 1236 1567 Scaliger
1271 1526 1501 1557 renitentibus
1537 1526 1638 1557 Iunio

111 1577 278 1609 Salmasio
310 1578 406 1620 Fayo
438 1578 603 1610 Stoebero
635 1578 819 1616 Vollmero,
853 1578 965 1610 uerbis
998 1577 1063 1616 GL,
1097 1577 1255 1609 manibus
1288 1577 1362 1608 cod.
1397 1577 1550 1608 Venetus

154 1637 287 1661 amores
317 1629 406 1661 Flor.
438 1633 474 1661 et
505 1629 616 1667 Bodl.,
647 1629 774 1661 amoris
803 1629 876 1668 LM,
904 1629 1030 1661 amaris
1061 1628 1130 1660 GL²
1221 1631 1285 1662 322
1310 1627 1406 1669 ponit
1431 1627 1510 1666 GL2‚
1537 1630 1641 1669 ponet

110 1679 173 1711 LM
260 1680 356 1720 ponit
380 1680 506 1721 sorum,
537 1681 680 1722 deponit
710 1682 849 1722 negotia
878 1681 1028 1712 forensia
1062 1683 1098 1711 et
1128 1680 1310 1711 iudicialia.
1359 1690 1516 1720 peruerse
1547 1680 1639 1710 enim

111 1730 147 1761 in
168 1730 242 1762 loco
265 1731 325 1762 ubi
347 1731 441 1763 nulla
463 1735 641 1773 praeterea
662 1742 732 1763 uox
760 1732 805 1763 ad
828 1731 939 1763 aleam
961 1734 1097 1773 spectat
1120 1731 1314 1762 Gronouius
1337 1731 1379 1761 de
1402 1733 1480 1761 sest.
1506 1739 1543 1761 IV
1566 1741 1593 1761 c.
1619 1731 1638 1762 3

112 1792 144 1822 p.
168 1783 232 1813 279
255 1786 393 1814 enarrat
417 1784 424 1795 ‘
440 1784 475 1814 in
496 1793 614 1814 mensa
636 1784 762 1814 statuit
783 1783 922 1814 alueum
943 1784 1015 1814 siue
1036 1782 1195 1814 tabulam
1216 1782 1380 1813 lusoriam
1393 1782 1412 1818 ’,
1435 1792 1541 1822 quam
1566 1792 1639 1813 rem

111 1832 307 1874 Augustum
331 1834 424 1866 Suet.
451 1834 537 1874 Aug.
564 1835 601 1865 71
629 1835 649 1865 3
668 1833 782 1874 forum
806 1834 1002 1865 aleatorium
1025 1833 1216 1874 appellasse
1240 1833 1407 1864 Salmasio
1432 1833 1477 1864 ad
1501 1833 1637 1874 Vopisc.

111 1886 224 1924 quatt.
245 1888 311 1925 tyr.
334 1886 373 1916 13
391 1886 411 1915 2
430 1885 586 1921 credidit,
605 1895 683 1916 cum
701 1885 758 1916 alii
776 1886 812 1916 in
829 1885 892 1921 his,
912 1884 1055 1915 lusimus
1070 1895 1130 1924 per
1147 1895 1259 1915 omnes
1276 1884 1346 1915 dies
1358 1883 1534 1924 forumque
1551 1884 1638 1915 alea-

112 1935 233 1966 torium
266 1935 460 1975 (aleatorum
491 1935 583 1975 libri)
616 1935 817 1976 calfecimus,
850 1935 1115 1966 translationem
1147 1938 1337 1976 agnoscant
1369 1938 1640 1976 comparentque

113 1985 180 2017 Cic.
197 1986 242 2017 ad
256 1986 332 2017 Att.
349 1995 363 2017 1
378 1987 393 2017 1
410 1987 429 2017 2
445 1996 520 2018 cum
536 1986 659 2018 Romae
674 1997 694 2017 a
708 1986 847 2017 iudiciis
854 1986 969 2027 forum
982 1985 1147 2027 refrixerit
1162 1998 1170 2023 ;
1197 1996 1308 2026 neque
1323 1987 1407 2017 satis
1420 1986 1640 2027 exploratum

113 2040 166 2068 est
187 2037 229 2068 de
252 2037 327 2068 loco
350 2037 494 2069 obscuro
516 2041 552 2069 et
573 2041 613 2069 ut
630 2037 800 2079 plerisque
818 2038 957 2069 uidetur
975 2040 1137 2078 corrupto
1155 2037 1231 2068 Sen.
1253 2037 1333 2068 dial.
1354 2045 1395 2068 XI
1415 2038 1453 2068 17
1473 2038 1492 2069 3
1512 2038 1641 2069 tesseris

113 2098 151 2119 ac
167 2087 242 2129 soro
265 2092 293 2119 et
312 2089 501 2129 peruocatis
527 2092 556 2120 et
582 2088 775 2120 huiusmodi
800 2088 881 2120 aliis
906 2088 1189 2128 occupationibus,
1213 2088 1273 2119 ubi
1296 2089 1421 2119 iterum
1444 2088 1640 2120 Gronouius

115 2138 229 2180 ‘forus
254 2143 307 2171 est
331 2139 453 2171 tabula
477 2139 605 2171 lusoria
630 2141 702 2171 siue
728 2140 878 2177 alueus’‚
905 2141 965 2181 qui
991 2141 1097 2171 etiam
1123 2139 1169 2170 ad
1193 2139 1342 2180 glossam
1365 2139 1473 2180 sutus,
1501 2140 1640 2172 abacion

113 2190 232 2222 C.G.L.
249 2199 277 2221 11
290 2201 322 2232 p.
339 2192 402 2222 515
420 2192 459 2222 16
473 2191 508 2222 in
522 2191 675 2232 margine
689 2191 814 2222 codicis
829 2192 881 2222 sui
889 2190 986 2231 forus
1000 2191 1182 2232 adscripsit
1272 2190 1436 2222 suadente
1450 2191 1639 2229 Bentleius,

112 2241 296 2282 suadetque
319 2241 396 2273 libri
420 2242 547 2282 (fuerat
570 2243 692 2283 opinor
713 2242 895 2282 suadetue),
919 2241 1109 2283 gaudetque
1133 2241 1327 2273 Gronouius
1419 2244 1482 2275 323
1505 2242 1641 2274 mobilis

113 2293 186 2324 cod.
212 2292 314 2330 Flor.,
338 2292 460 2325 nobilis
485 2292 576 2324 GLM
599 2293 673 2324 cod.
700 2293 852 2324 Venetus
942 2293 1057 2329 saltus,
1083 2293 1315 2329 saltationem,
1340 2296 1381 2324 ut
1405 2303 1508 2324 carm.
1534 2295 1639 2335 epigr.

114 2343 241 2374 Buech.
267 2345 350 2375 1282
376 2345 395 2375 8
418 2354 476 2375 nec
496 2344 601 2375 saltus
622 2344 729 2375 uitam
747 2343 886 2384 protulit
907 2347 965 2375 aut
985 2343 1117 2374 choreae
1209 2352 1331 2375 scenae
1354 2343 1407 2382 L2,
1430 2346 1569 2376 staenae
1591 2344 1639 2384 M,

114 2403 194 2426 sene
215 2394 251 2433 L,
273 2403 352 2426 seue
374 2393 412 2432 G,
436 2405 502 2426 om.
526 2395 600 2426 cod.
624 2394 777 2426 Venetus
867 2396 940 2426 arte
962 2394 1063 2432 GLM,
1086 2394 1146 2425 sed
1167 2393 1215 2426 ire
1240 2405 1302 2435 pro
1329 2405 1400 2426 uar.
1424 2395 1502 2426 lect.
1525 2395 1551 2426 L

157 2455 294 2476 scaenae
314 2445 443 2476 mollior
462 2449 541 2482 arte,
563 2445 699 2477 mollius
719 2445 944 2486 gesticulatus
965 2455 1071 2486 quam
1092 2445 1239 2476 artifices
1260 2446 1417 2483 scaenici,
1439 2447 1518 2477 uide
1540 2447 1639 2478 Lucr.

113 2505 151 2527 IV
176 2497 239 2528 980
264 2496 419 2527 saltantis
443 2500 471 2527 et
495 2496 610 2527 mollia
634 2496 778 2528 membra
802 2496 976 2533 mouentis,
1003 2496 1079 2527 qu.
1106 2505 1144 2527 VI
1170 2497 1211 2528 63
1236 2496 1360 2527 Ledam
1385 2497 1477 2528 molli
1501 2497 1641 2529 saltante

117 2547 278 2587 Bathyllo.
326 2547 523 2579 incredibile
544 2551 597 2579 est
617 2551 704 2588 quot
725 2547 861 2578 errandi
881 2548 956 2578 uias
976 2548 1181 2588 interpretes
1202 2548 1396 2579 inuenerint
1488 2550 1641 2582 324—338

115 2608 193 2629 cum
208 2599 395 2629 uicensima
411 2602 510 2630 sexta
526 2598 649 2629 Librae
664 2601 763 2639 parte
779 2599 888 2629 oritur
903 2598 995 2639 Lyra
1010 2610 1017 2629 ε
1047 2598 1089 2629 de
1105 2599 1201 2639 signo
1217 2600 1390 2630 consentit
1405 2599 1479 2630 cod.
1498 2599 1638 2631 Barocc.

115 2648 202 2680 Boll.
221 2649 354 2690 sphaer.
373 2660 406 2690 p.
425 2650 489 2680 465
507 2650 538 2686 9,
556 2660 638 2680 nam
655 2649 816 2680 Antioch.
835 2649 880 2680 ib.
899 2660 931 2690 p.
951 2651 993 2681 58
1012 2650 1051 2681 13
1069 2659 1119 2690 sq.
1139 2650 1274 2681 omitto.
1322 2650 1387 2681 hoc
1404 2650 1498 2681 sidus
1514 2652 1642 2682 transit

114 2700 281 2731 Firmicus
300 2709 368 2731 vn]
391 2701 442 2737 12,
463 2701 524 2740 qui
543 2700 588 2731 ib.
613 2701 653 2731 15
674 2701 694 2732 3
715 2699 844 2741 Lyram
865 2700 1020 2741 appellat
1040 2710 1146 2741 quam
1166 2700 1327 2732 Manilius
1347 2709 1370 2731 v
1390 2702 1454 2732 409
1475 2701 1595 2732 Fidem

204 2753 267 2784 324
290 2750 464 2782 testudinis
482 2750 605 2792 forma,
626 2761 667 2782 ea
689 2761 769 2792 pars
792 2751 910 2782 sideris
932 2761 1021 2792 quae
1043 2751 1087 2782 ob
1109 2753 1235 2791 χελείου
1257 2751 1529 2788 similitudinem,
1549 2753 1641 2784 unde

114 2802 213 2834 initio
228 2801 303 2843 lyra
320 2813 340 2833 a
356 2802 524 2834 Mercurio
540 2802 635 2834 facta
652 2805 715 2839 est,
734 2802 857 2833 testudo
874 2806 1031 2840 uocatur,
1049 2802 1145 2834 uelut
1163 2803 1254 2844 Hyg.
1274 2806 1355 2834 astr.
1375 2812 1417 2833 ΠΙ
1435 2804 1453 2834 6
1471 2803 1560 2843 Lyra
1578 2828 1584 2835 .
1605 2828 1612 2835 .
1633 2829 1640 2835 .

116 2853 212 2885 cuius
237 2853 314 2893 ipsa
338 2853 461 2884 testudo
485 2857 607 2894 spectat
632 2853 676 2885 ad
700 2853 858 2885 arcticum
882 2853 1054 2891 circulum,
1080 2854 1201 2885 Auien.
1229 2854 1325 2885 Arat.
1354 2855 1416 2886 619
1443 2854 1561 2895 Chelys
1578 2879 1585 2886 .
1606 2879 1612 2886 .
1635 2880 1642 2887 .
