1855 3088
583 155 1067 199 ASTRONOMICON
1097 155 1138 197 V
1572 158 1626 196 83

311 268 431 309 laeua
451 267 529 309 sub
549 267 748 308 extremis
767 272 1026 322 consurgunt
1045 267 1181 308 sidera
1200 267 1291 308 Ceti

257 342 445 384 Piscibus
463 341 765 383 Andromedan
783 346 916 396 ponto
936 341 1135 396 caeloque
1154 341 1381 397 sequentis.

254 416 333 457 hoc
352 415 486 457 trahit
505 416 548 456 in
566 416 703 470 pelagi
723 416 870 457 caedes
891 421 934 457 et
952 416 1128 457 uulnera
1148 421 1273 457 natos

254 490 505 545 squamigeri
524 490 670 544 gregis,
693 490 876 531 extentis
896 490 1092 544 laqueare
1111 489 1372 544 profundum

132 572 200 604 660
253 564 413 605 retibus
433 569 476 605 et
495 568 676 618 pontum
694 564 843 605 uinclis
862 568 1001 605 artare
1021 564 1208 605 furentes
1227 578 1236 613 ;

254 642 298 679 et
316 638 435 679 uelut
453 637 497 679 in
516 638 612 679 laxo
632 652 798 679 securas
818 652 999 693 aequore
1018 637 1177 692 phocas

254 712 487 753 carceribus
507 712 706 753 claudent
724 712 828 753 raris
847 717 891 753 et
910 712 1112 767 compede
1132 717 1304 753 nectent

253 786 528 841 incautosque
547 786 720 828 trahent
738 786 1002 827 macularum
1021 786 1190 828 nomine
1209 785 1410 840 thynnos.

92 909 221 941 seruari
238 909 348 950 possit
366 909 465 949 ipsa;
498 909 558 940 sed
576 919 720 950 pernam
738 919 800 950 pro
819 908 951 950 poplite
971 909 1103 940 Ennius
1121 910 1250 951 posuit,
1270 909 1432 940 Manilius
1451 909 1627 950 positurus

92 970 162 992 non
182 963 257 992 erat
345 959 509 1001 populum
526 960 660 991 Bentlei
677 962 693 991 δ
709 963 744 991 et
761 960 952 997 Dulcinius,
971 960 1132 1001 porulum
1151 959 1243 992 GLM
1332 960 1515 1001 suspendet
1537 960 1628 999 ΠΜ,

91 1011 265 1052 suspendit
280 1010 335 1043 GL
413 1011 486 1052 ipso
498 1011 587 1043 Flor.
602 1014 638 1043 et
652 1011 765 1049 Bodl.,
779 1011 852 1052 ipsa
865 1011 957 1044 GLM
1041 1014 1193 1046 656—692
1206 1022 1285 1043 cum
1298 1012 1462 1043 extremis
1476 1012 1627 1043 Piscium

91 1062 248 1104 partibus
277 1063 387 1094 oritur
415 1062 540 1094 Cetus:
585 1073 664 1094 cum
692 1066 792 1103 parte
821 1073 940 1094 eorum
969 1063 1158 1094 uicensima
1187 1063 1294 1104 Hipp.
1326 1071 1370 1093 111
1401 1064 1414 1094 1
1448 1063 1468 1094 8
1564 1065 1628 1096 656

91 1113 248 1146 extremis
281 1114 589 1155 Regiomontanus,
623 1113 765 1145 extremi
796 1114 875 1145 libri
974 1114 1062 1146 caeti
1094 1113 1160 1152 GL,
1194 1114 1264 1146 ceci
1296 1114 1332 1146 M
1432 1116 1496 1148 657
1525 1117 1628 1154 ponto

90 1165 249 1206 caeloque,
267 1165 350 1196 olim
366 1168 486 1206 ponto,
504 1175 595 1196 nunc
613 1165 707 1197 caelo
799 1167 952 1199 658-692
967 1165 1054 1196 facit
1071 1165 1174 1197 Cetus
1192 1166 1338 1197 cetarios
1355 1165 1483 1206 quique
1501 1165 1628 1196 salinas

91 1219 282 1248 exerceant.
331 1216 420 1248 Non.
445 1227 478 1257 p.
503 1216 546 1247 49
568 1216 683 1247 cetarii
704 1227 807 1256 genus
829 1220 874 1247 est
895 1216 1101 1256 piscatorum
1122 1216 1209 1257 quod
1231 1217 1372 1248 maiores
1392 1217 1502 1256 pisces
1524 1216 1626 1257 capit,

90 1267 214 1299 dictum
229 1267 269 1299 ab
286 1277 320 1298 eo
336 1267 422 1307 quod
449 1271 526 1299 cete
555 1267 593 1299 in
621 1268 709 1298 mari
737 1268 866 1298 maiora
893 1272 971 1299 sunt
997 1268 1146 1307 piscium
1173 1278 1292 1307 qenera
1309 1292 1315 1298 .
1335 1291 1369 1299 ..
1396 1268 1497 1300 Varro
1525 1270 1625 1307 ’γνῶθι

91 1321 224 1351 σεαυτόν
241 1342 249 1350 .
269 1343 276 1350 .
296 1342 303 1350 .
325 1318 332 1331 ‘
346 1319 494 1355 cellarios,
511 1329 587 1350 cum
606 1319 718 1350 uidere
733 1319 851 1350 uolunt
867 1319 905 1350 in
921 1319 1008 1350 mari
1034 1319 1222 1356 thurinos,
1239 1318 1405 1350 escendere
1422 1319 1459 1350 in
1475 1318 1626 1356 malum,⁹

91 1369 212 1402 O.G.L.
237 1379 261 1401 v
284 1381 316 1411 p.
346 1371 384 1401 12
403 1371 441 1402 31
460 1372 495 1400 et
518 1380 551 1411 p.
569 1371 611 1401 54
633 1371 674 1401 18
692 1373 755 1401 cete
774 1370 896 1401 dicitur
913 1381 1016 1410 genus
1036 1371 1187 1401 marinae
1206 1370 1328 1402 beluae.
1377 1370 1416 1401 ab
1436 1370 1494 1401 hoc
1512 1380 1626 1410 qenere

89 1421 227 1453 abusiue
253 1421 433 1462 piscatores
455 1421 571 1452 cetarii
592 1421 749 1452 dicuntur
772 1425 800 1452 et
823 1421 882 1462 qui
904 1425 1043 1453 tractant
1066 1431 1105 1452 ea
1126 1432 1210 1462 quae
1232 1432 1271 1453 ea:
1291 1422 1442 1462 piscibus
1459 1421 1562 1462 fiunt,
1589 1425 1625 1452 ut

88 1476 166 1504 sunt
192 1472 480 1514 liquaminarii
506 1472 565 1513 qui
587 1483 625 1504 ex
645 1472 836 1513 corporibus
856 1472 1005 1513 piscium
1026 1483 1173 1504 umorem
1195 1472 1334 1513 liquant.
1383 1473 1513 1504 Teucer
1535 1472 1623 1503 Boll.

90 1524 222 1566 sphaer.
237 1534 270 1565 p.
285 1525 323 1555 51
339 1524 444 1555 28-31
464 1525 501 1555 τὸ
517 1525 614 1564 μέροσ
627 1527 681 1555 τοῦ
699 1525 830 1562 Κήτουσ
843 1524 1013 1564 (Piscibus
1027 1525 1284 1564 παρανατέλλον)
1303 1549 1310 1555 .
1330 1548 1337 1555 .
1357 1548 1364 1555 .
1384 1525 1580 1564 ταριχευτάσ

178 1577 242 1609 658
264 1575 332 1612 hoc,
356 1574 470 1611 Cetus,
494 1574 536 1606 de
559 1575 656 1606 cuius
678 1576 827 1606 nominis
848 1585 971 1616 genere
996 1575 1173 1606 Bentleius
1199 1576 1330 1606 errauit
1419 1576 1519 1606 natos
1547 1575 1622 1606 cod.

90 1626 201 1664 Bodl.,
232 1627 332 1658 notos
364 1624 455 1657 GLM
546 1628 609 1659 660
639 1628 752 1658 artare
782 1626 943 1667 Scaliger,
975 1635 1109 1658 armare
1140 1626 1229 1663 libri,
1262 1626 1357 1667 quod
1388 1627 1448 1667 qui
1478 1630 1624 1658 tuentur

90 1677 283 1709 Gronouius
305 1677 406 1709 diatr.
430 1687 457 1708 e.
481 1679 523 1708 45
545 1679 592 1718 (p.
616 1678 677 1709 461
701 1677 754 1709 ed.
778 1677 910 1717 Hand.)
933 1680 969 1709 et
990 1678 1140 1709 Huetius
1161 1681 1311 1719 pontum
1332 1678 1479 1709 uinculis
1499 1678 1626 1709 instrui

89 1728 294 1770 intellegunt
310 1728 436 1769 quibus
452 1729 562 1770 pisces
578 1729 705 1770 capiat,
723 1730 823 1769 quasi
843 1732 906 1760 aut
927 1739 1021 1760 mare
1042 1729 1194 1770 piscetur
1215 1732 1277 1761 aut
1298 1729 1525 1760 tolerabiliter
1545 1739 1625 1760 cum

88 1780 152 1812 hoc
177 1783 406 1821 componatur
429 1780 580 1820 laqueare
601 1779 819 1821 profundum,
845 1790 934 1821 quae
958 1780 1066 1812 uerba
1089 1780 1341 1812 emendationis
1365 1781 1459 1812 uiam
1484 1780 1625 1811 demon-

88 1834 212 1863 strant.
261 1834 443 1862 contracta
475 1832 585 1872 pisces
618 1841 769 1872 aequora
802 1832 867 1862 etsi
900 1842 970 1862 non
1003 1832 1125 1862 statim
1162 1832 1329 1868 sentiunt,
1364 1835 1402 1863 at
1438 1831 1625 1873 postmodo

88 1883 314 1924 experiuntur
421 1881 573 1913 furentes
597 1882 626 1921 *,
671 1881 843 1914 furentem
887 1882 976 1913 libri.
1023 1882 1197 1914 furentem
1241 1886 1391 1924 pontum
1435 1884 1624 1924 piscatores

88 1934 215 1971 uitant,
242 1943 354 1974 neque
379 1933 475 1964 furor
500 1934 572 1964 eius
598 1933 730 1965 retibus
756 1937 954 1970 coercetur3
995 1933 1160 1965 infinitiui
1186 1937 1305 1965 autem
1331 1934 1423 1965 unde
1449 1934 1625 1975 pendeant

88 1985 185 2016 deest
209 1985 245 2016 in
270 1985 335 2016 hac
361 1985 527 2021 oratione,
554 1984 612 2016 hoc
637 1984 737 2016 trahit
763 1988 857 2015 natos
883 1985 921 2016 in
944 1985 1056 2024 pelayi
1080 1984 1193 2016 caedes
1218 1985 1370 2025 laqueare
1392 1985 1624 2026 profundum3

87 2046 169 2067 nam
186 2036 350 2068 historico
367 2035 541 2067 infinitiuo
559 2035 720 2067 Manilius
738 2046 808 2067 non
826 2036 947 2073 utitur,
966 2046 1078 2076 neque
1096 2037 1205 2077 magis
1222 2047 1262 2067 eo
1280 2037 1340 2077 qui
1357 2036 1471 2068 uerbis
1489 2040 1625 2068 motum

87 2087 361 2129 significantibus
391 2087 550 2118 adicitur.
592 2086 753 2128 furentes,
784 2088 993 2128 gestientes:
1039 2088 1123 2118 Hor.
1157 2098 1261 2118 carm.
1294 2096 1307 2118 1
1340 2089 1380 2119 15
1411 2089 1453 2119 27
1478 2088 1566 2129 furit
1597 2091 1626 2119 te

86 2139 238 2179 reperire,
254 2139 400 2170 fortasse
416 2148 514 2170 serm.
532 2147 545 2169 1
560 2139 580 2170 3
596 2139 638 2169 56
652 2139 819 2169 sincerum
827 2138 979 2179 furimus
994 2149 1057 2170 uas
1073 2138 1255 2170 incrustare
1270 2139 1335 2179 (ita
1350 2139 1424 2170 cod.
1442 2138 1625 2171 Gothanus

89 2189 310 2221 Blandiniani
338 2190 568 2221 uetustissimi
597 2189 768 2226 adsecula,
793 2189 947 2230 suyimus
977 2189 1170 2227 Bernensis,
1194 2190 1351 2230 cupimus
1378 2191 1507 2230 ceteri),
1533 2190 1622 2222 Stat.

87 2241 193 2273 Theb.
208 2250 249 2272 XI
260 2242 324 2273 356
337 2251 387 2282 sq.
397 2240 540 2281 fastiyia
553 2241 643 2272 muri
664 2239 667 2284 Ι
688 2251 883 2281 exsuperare
890 2240 1010 2281 furens
1102 2243 1166 2274 662
1177 2243 1315 2273 nectent
1328 2240 1355 2273 G
1367 2242 1441 2273 cod.
1458 2242 1623 2279 VenetuS,

86 2294 226 2324 nectant
250 2292 313 2324 LM
404 2294 468 2325 663
493 2291 631 2323 trahent
656 2291 736 2330 GL2,
763 2291 903 2323 trahant
928 2292 992 2323 LM
1081 2292 1297 2324 macularum
1323 2291 1403 2331 GL2,
1430 2292 1624 2324 meularum

87 2342 149 2375 LM
238 2342 377 2375 nomine
402 2343 475 2382 LM,
501 2343 643 2375 numine
668 2342 748 2381 GL2‚
774 2343 901 2375 lumine
928 2343 1104 2375 Bentleius
1129 2344 1194 2375 hac
1219 2344 1341 2376 addita
1365 2344 1622 2386 explanatione,

88 2394 96 2407 ⁶
111 2395 258 2427 maculae
269 2398 351 2427 sunt
361 2395 533 2426 foramina
544 2398 580 2426 et
591 2396 690 2436 quasi
701 2395 873 2426 fenestrae
884 2396 976 2426 retis.
1025 2395 1071 2426 ad
1082 2395 1297 2435 thynnorum
1309 2396 1414 2437 igitur
1426 2399 1620 2437 capturam,

86 2447 146 2487 qui
178 2447 269 2478 inter
301 2447 410 2488 pisces
443 2447 629 2488 praecipua
662 2446 901 2487 magnitudine
935 2449 1028 2483 sunt,
1062 2447 1150 2477 retia
1187 2446 1398 2478 adhibentur
1433 2447 1622 2488 grandibus

87 2497 229 2529 maculis
244 2510 252 2534 ;
283 2507 353 2538 quo
370 2497 410 2529 fit
428 2501 468 2529 ut
485 2497 612 2538 thynni
630 2508 699 2529 non
717 2498 871 2528 sentiant
888 2507 997 2538 aquas
1015 2498 1154 2538 opacari
1172 2498 1226 2529 uel
1245 2508 1280 2529 se
1297 2498 1428 2530 retibus
1446 2498 1576 2530 includi
1588 2498 1596 2510 '
1614 2508 1622 2528 ι

85 2551 215 2580 ceteros
250 2549 385 2580 omitto.
434 2549 642 2580 macularum
675 2549 820 2585 nomine,
855 2548 957 2579 rebus
992 2558 1081 2589 quae
1115 2549 1287 2580 translato
1323 2549 1429 2581 uerbo
1465 2544 1621 2581 maculae

86 2599 270 2637 dicuntur;
315 2599 498 2632 translatio
529 2603 583 2631 est
612 2600 705 2631 enim
736 2610 816 2630 cum
846 2600 973 2631 retium
1005 2599 1158 2631 maculas
1189 2600 1416 2642 appellamus.
1464 2601 1621 2642 proxime

85 2651 218 2683 accedit
240 2651 330 2683 Eun.
351 2651 427 2692 Iph.
451 2662 505 2692 ap.
529 2651 596 2682 Cic.
619 2661 689 2691 rep.
713 2659 727 2682 Ι
747 2652 788 2682 30
810 2661 885 2682 cum
907 2650 1020 2691 Capra
1040 2655 1098 2682 aut
1119 2652 1218 2691 Nepa
1239 2655 1296 2683 aut
1317 2652 1461 2683 exoritur
1482 2662 1621 2683 nomen

84 2702 248 2742 aliquod
277 2702 481 2733 beluarum
505 2701 599 2742 (uide
619 2702 688 2733 n.d.
712 2710 755 2732 ΠΙ
774 2703 816 2733 40
836 2702 946 2733 stellas
966 2713 1122 2733 numeras
1142 2702 1217 2734 deos
1237 2713 1352 2743 eosque
1371 2706 1429 2734 aut
1449 2703 1621 2734 beluarum

85 2753 219 2785 nomine
237 2753 399 2793 appellas,
419 2757 455 2784 ut
475 2753 632 2793 Capram,
653 2756 689 2784 ut
709 2753 852 2793 Nepam,
871 2777 878 2784 .
899 2778 905 2784 .
925 2777 932 2784 .
951 2757 1009 2784 aut
1028 2764 1137 2785 rerum
1157 2754 1413 2793 inanimarum),
1434 2754 1494 2785 sed
1513 2755 1620 2785 etiam

85 2804 167 2835 alibi
188 2815 306 2836 nomen
327 2805 468 2845 ponitur
489 2815 551 2845 pro
573 2814 608 2835 re
629 2805 820 2841 nominata,
843 2807 883 2836 ut
904 2805 940 2836 in
961 2804 1172 2846 supellectile
1193 2806 1380 2847 piscatoria
1400 2805 1529 2836 Auson.
1553 2805 1617 2836 393

84 2856 170 2887 55-7
193 2855 302 2897 (Peip.
327 2866 360 2897 p.
385 2855 465 2895 247)
488 2855 630 2887 nodosas
650 2859 757 2896 pestes
779 2856 993 2888 animantum
1016 2856 1220 2888 Nerinorum
1238 2854 1243 2900 Ι
1258 2860 1286 2887 et
1310 2856 1422 2888 iacula
1444 2860 1472 2888 et
1488 2855 1619 2896 fundas
