1855 3088
592 137 1075 182 ASTRONOMICON
1105 137 1146 180 V
1579 142 1632 180 57

267 251 347 293 illis
365 250 409 292 in
427 255 560 305 ponto
579 249 810 292 iucundum
830 256 894 293 est
913 265 1110 306 quaerere
1130 255 1323 305 pontum,

268 339 524 380 corporaque
543 325 784 380 inmergunt
802 325 927 366 undis
946 326 1168 380 ipsumque
1188 325 1265 366 sub
1286 324 1418 365 antris

268 400 403 440 Nerea
423 404 466 440 et
484 413 712 454 aequoreas
732 404 939 440 conantur
957 399 1090 440 uisere
1110 399 1333 453 nymphas,

269 478 578 528 exportantque
597 473 724 515 maris
743 474 921 528 praedas
941 478 984 514 et
1002 478 1126 528 rapta
1145 473 1356 527 profundo

146 555 214 587 435
269 547 487 602 naufragia
507 553 636 603 atque
655 547 761 588 imas
781 547 896 588 auidi
915 552 1158 588 scrutantur
1176 547 1367 588 harenas.

269 636 345 677 par
364 636 417 663 ex
435 622 600 663 diuerso
619 621 809 663 studium
828 621 1012 663 sociatur
1030 626 1258 676 utrumque

270 696 315 737 in
332 710 462 750 genus
481 701 611 751 atque
629 710 713 737 uno
734 696 945 751 digestum
963 696 1119 737 semine
1139 695 1284 750 surgit.

270 770 518 812 adnumeres
537 770 668 811 etiam
685 770 756 811 illa
775 770 873 811 licet
892 775 1072 825 cognata
1091 785 1165 824 per
1184 775 1320 810 artem

271 858 456 899 corpora,
479 858 586 900 quae
605 844 747 886 ualido
767 844 924 885 saliunt
944 858 1117 885 excussa
1136 849 1313 899 petauro

111 1007 248 1046 tempus
338 1014 462 1045 corpus
480 1004 629 1036 hominis
648 1005 708 1045 qui
727 1014 829 1045 super
847 1014 1000 1035 summas
1019 1003 1131 1035 undas
1149 1003 1303 1045 pendens
1322 1013 1392 1034 non
1411 1006 1473 1034 nat
1492 1003 1552 1034 sed
1570 1003 1638 1035 11110

108 1055 189 1087 111110
212 1054 400 1096 impellitur
423 1056 552 1096 nauigii
575 1055 652 1086 uelo
676 1066 715 1086 ac
740 1066 809 1086 non
832 1056 934 1086 remis
958 1056 1089 1086 utentis
1113 1055 1197 1086 satis
1221 1054 1330 1085 simile
1354 1058 1417 1091 est,
1442 1054 1510 1085 ueli
1533 1055 1640 1095 ipsius

108 1107 254 1138 fortasse
278 1116 348 1137 non
372 1107 467 1143 satis,
493 1107 558 1137 nisi
582 1107 657 1137 uati
681 1107 855 1137 sanctiori.
904 1106 964 1137 sed
988 1107 1048 1147 qui
1072 1106 1130 1137 illa
1155 1109 1262 1136 tutum
1286 1105 1358 1136 sine
1382 1105 1501 1145 remiqe
1526 1109 1641 1136 uotum

110 1160 156 1188 est
178 1158 397 1198 interpretari
420 1167 519 1198 posse
541 1157 607 1188 sibi
629 1157 793 1189 uidentur
816 1161 892 1188 tum
915 1158 1125 1189 refutatione
1149 1157 1243 1198 digni
1266 1160 1368 1188 erunt
1391 1167 1470 1187 cum
1493 1157 1583 1187 inter
1605 1166 1642 1187 se

112 1209 303 1250 discrepare
324 1208 488 1240 desierint
579 1211 641 1241 431
664 1208 744 1245 illis,
767 1208 853 1245 aliis,
876 1212 916 1240 ut
938 1217 981 1239 111
1001 1209 1065 1239 227
1088 1211 1124 1239 et
1145 1208 1200 1239 ille
1222 1216 1249 1238 11
1270 1210 1323 1238 44.
1371 1218 1478 1248 genus
1500 1218 1520 1238 a
1542 1211 1640 1238 nata-

110 1259 244 1291 toribus
274 1259 448 1290 diuersum
477 1259 623 1296 inducit,
654 1260 847 1291 urinatores
939 1259 1001 1290 ‘in
1027 1263 1129 1299 ponto
1158 1269 1310 1298 quaerere
1338 1262 1479 1298 pontum
1509 1261 1561 1289 est
1591 1259 1642 1289 ita

112 1311 241 1342 uersari
263 1311 298 1342 in
320 1313 429 1352 ponto
452 1311 551 1351 quasi
573 1310 628 1342 hic
650 1314 780 1352 pontus
802 1321 873 1342 non
895 1314 995 1347 esset,
1019 1311 1079 1342 sed
1101 1310 1371 1341 absconderetur
1394 1311 1548 1347 interius,
1573 1320 1642 1350 quo

112 1363 214 1393 mersi
236 1365 362 1393 natant
378 1361 386 1374 '
411 1361 605 1393 Gronouius
629 1362 701 1393 obs.
727 1370 755 1392 11
779 1372 806 1393 c.
834 1363 871 1392 ll
967 1363 1031 1394 432
1054 1370 1118 1402 que
1142 1360 1351 1401 immergunt
1373 1360 1522 1401 Scaliger
1546 1361 1598 1391 ed.
1627 1362 1640 1391 1

112 1414 209 1454 (113111
232 1412 275 1444 (10
297 1412 394 1444 Voss.
420 1413 483 1444 390
506 1412 640 1444 fallitur
664 1412 866 1452 Bentleius),
891 1411 949 1453 qui
971 1414 1131 1453 mergunt
1153 1411 1241 1449 libri,
1265 1412 1348 1452 quin
1373 1412 1536 1443 Barthius
1561 1411 1640 1443 adu.

111 1474 145 1505 p.
170 1465 245 1496 322.
292 1464 424 1495 tradita
445 1463 592 1495 lectione
614 1464 678 1495 hoc
702 1464 839 1501 dicitur,
862 1464 1044 1495 urinantur
1066 1463 1124 1504 qui
1146 1463 1328 1494 urinantur
1419 1465 1484 1496 434
1508 1463 1515 1475 ‘
1530 1466 1644 1494 extra-

112 1515 202 1546 hunt
217 1525 257 1546 ea
272 1525 362 1556 quae
377 1514 518 1556 pelagus
534 1515 741 1556 praedatum
756 1518 809 1546 est
825 1518 860 1546 et
875 1525 928 1546 res
944 1515 1129 1556 naufragas
1145 1525 1232 1555 quas
1249 1525 1342 1545 mare
1357 1515 1475 1555 rapuit
1491 1514 1497 1526 '
1516 1514 1642 1555 Fayus.

112 1566 192 1597 uide
217 1567 279 1597 592
303 1565 429 1606 praeda
453 1566 568 1603 maris,
594 1566 652 1598 Sil.
679 1575 722 1597 111
746 1567 810 1598 320
836 1576 886 1607 sq.
913 1576 1091 1606 aequoreus
1117 1566 1302 1602 Nasamon,
1329 1565 1487 1596 inuadere
1505 1565 1614 1605 fluctu
1637 1563 1640 1607 Ι

113 1617 225 1648 audax
250 1616 431 1657 naufraqia
455 1621 484 1648 et
507 1617 650 1657 praedas
675 1617 815 1649 auellere
837 1621 950 1657 ponto,
977 1617 1059 1648 Luc.
1088 1626 1131 1648 111
1157 1618 1219 1648 697
1247 1627 1297 1657 sq.
1325 1616 1469 1647 eximius
1495 1616 1644 1647 Phoceus

113 1668 264 1700 animam
294 1678 426 1699 seruare
455 1668 516 1699 sub
546 1668 649 1699 undis
671 1666 898 1711 {scrutarique
922 1668 1058 1709 fretum,
1090 1668 1122 1699 si
1151 1667 1232 1708 quid
1266 1668 1431 1699 mersisset
1465 1667 1599 1698 harenis

203 1721 267 1752 436
290 1721 354 1753 437
379 1719 386 1732 ‘
402 1719 628 1761 descripserat
650 1720 802 1760 primum
822 1723 1012 1756 natatores,
1032 1719 1156 1751 deinde
1177 1720 1390 1755 urinatores;
1423 1719 1466 1750 de
1487 1720 1644 1759 utrisque

114 1781 205 1801 nunc
231 1770 338 1802 dicit:
375 1780 441 1810 par
466 1780 505 1801 ex
529 1770 661 1801 diuerso
686 1770 846 1807 studium,
872 1771 937 1802 hoc
963 1773 1016 1802 est
1042 1770 1151 1802 simile
1176 1770 1237 1801 sed
1262 1780 1332 1801 non
1358 1770 1449 1801 idem
1475 1770 1644 1807 studium,

113 1821 236 1853 sociari
254 1821 292 1853 in
308 1831 411 1861 yenus
429 1825 603 1861 utrumque
621 1825 695 1853 tam
714 1822 838 1853 horum
857 1832 963 1862 quam
982 1821 1131 1858 illorum,
1151 1825 1180 1852 et
1198 1821 1237 1852 ab
1256 1831 1323 1852 uno
1342 1821 1466 1852 semine
1484 1821 1645 1860 diyestum

115 1882 244 1912 surqere
263 1896 269 1903 .
289 1896 296 1903 .
316 1896 323 1903 .
340 1872 405 1903 hoc
430 1872 518 1909 uult,
544 1882 587 1903 ex
611 1872 847 1904 urinatoribus
870 1872 971 1904 facile
995 1876 1173 1903 natatores
1198 1872 1271 1903 fieri
1295 1875 1331 1903 et
1355 1882 1398 1902 ex
1422 1872 1644 1903 natatoribus

115 1924 308 1955 urinatores
323 1923 330 1935 '
362 1923 548 1955 Bentleius.
597 1923 742 1954 sociatur
770 1927 944 1964 utrumque
973 1923 1011 1954 in
1039 1934 1153 1963 yenus,
1185 1923 1341 1954 studium
1371 1922 1499 1964 duplex
1529 1924 1579 1954 ita
1609 1924 1645 1954 in

115 1984 224 2006 unum
253 1973 412 2005 coalescit
440 1977 480 2005 ut
508 1975 544 2005 in
571 1977 758 2015 utrumque
786 1985 893 2015 genus
921 1975 1130 2011 conueniat;
1171 1984 1254 2005 nam
1282 1973 1349 2005 alio
1384 1984 1486 2005 sensu
1520 1974 1646 2005 dicitur

115 2034 159 2056 111
177 2027 218 2057 50
237 2035 287 2066 sq.
307 2024 442 2056 diuersa
459 2049 466 2056 .
486 2049 493 2055 .
513 2049 520 2056 .
538 2025 682 2056 membra
700 2049 707 2056 .
727 2049 734 2056 .
754 2049 761 2056 .
779 2025 916 2057 sociaret
933 2036 1052 2066 corpus
1071 2026 1109 2056 in
1126 2035 1233 2056 unum
1324 2027 1388 2057 436
1406 2033 1467 2066 par
1485 2024 1645 2066 Scaliger,

114 2085 193 2117 pars
210 2076 288 2107 libri
372 2075 524 2108 studium
541 2075 587 2115 M,
607 2075 737 2108 studuit
754 2076 780 2108 L
799 2077 873 2108 cod.
894 2077 1058 2113 Venetus,
1078 2076 1191 2108 studet
1209 2078 1242 2108 et
1260 2075 1329 2107 GL2
1420 2078 1484 2109 437
1502 2075 1646 2116 ingenus

116 2126 155 2164 G,
175 2127 320 2168 ingeniis
340 2127 392 2166 L2,
413 2130 476 2159 aut
495 2128 560 2159 hoc
581 2127 677 2168 (Vrb.
701 2129 779 2168 667)
800 2131 863 2159 aut
882 2127 1026 2169 ingemis
1047 2128 1144 2168 (Vrb.
1168 2129 1245 2167 668)
1267 2130 1307 2158 ut
1327 2127 1466 2158 uidetur
1485 2127 1532 2163 M,
1554 2127 1646 2168 inge-

116 2177 230 2210 minus
242 2178 278 2216 L,
292 2177 328 2210 in
340 2178 493 2219 geminos
506 2179 580 2210 cod.
594 2178 748 2210 Venetus
838 2189 900 2220 pro
918 2183 1012 2219 atque
1027 2179 1252 2210 Marklandus
1269 2179 1314 2209 ad
1330 2178 1418 2210 Stat.
1439 2178 1516 2209 silu.
1531 2187 1559 2209 11
1574 2180 1587 2209 1
1605 2180 1646 2210 64

116 2232 152 2260 et
171 2229 347 2261 Bentleius
366 2239 459 2270 aque,
479 2230 522 2261 de
540 2240 610 2271 quo
629 2230 702 2261 dixi
720 2230 766 2261 ad
785 2238 823 2261 IV
845 2231 906 2261 149
999 2232 1151 2263 438—445
1166 2229 1408 2261 describuntur
1422 2230 1645 2270 petauristae.

118 2280 262 2312 Photius
293 2282 442 2322 πέτευρον
474 2283 537 2312 πᾶν
568 2283 605 2312 τὸ
635 2283 753 2322 μακρὸν
787 2283 838 2312 καὶ
869 2283 1038 2313 ὑπόπλατυ
1066 2284 1117 2312 καὶ
1143 2283 1298 2321 μετέωρον
1331 2283 1434 2319 ξύλον.
1482 2281 1645 2312 Daremb.

117 2334 153 2363 et
179 2331 269 2373 Sagl.
297 2340 336 2363 IV
361 2343 394 2373 p.
423 2333 487 2363 422
520 2332 690 2364 ‘certains
717 2332 899 2364 acrobates
926 2342 961 2364 se
989 2332 1209 2372 balancaient
1236 2342 1294 2363 sur
1319 2331 1350 2363 le
1375 2335 1566 2372 petaurum,
1585 2356 1592 2363 .
1612 2356 1619 2363 .
1640 2356 1647 2363 .

117 2382 269 2414 d'autres
288 2383 339 2424 s’y
357 2383 603 2424 suspendaient
621 2393 708 2424 pour
726 2383 871 2424 prendre
892 2383 965 2414 leur
987 2383 1066 2414 elan
1078 2383 1107 2420 '3
1138 2393 1287 2424 quorum
1304 2393 1467 2424 generum
1485 2382 1648 2414 Manilius

117 2433 182 2464 hoc
205 2433 361 2465 uersibus
383 2435 504 2471 442-5‚
527 2433 614 2465 illud
634 2435 761 2466 439—41
788 2434 887 2465 nobis
910 2435 1097 2475 proponit:
1134 2435 1289 2471 tertium,
1317 2434 1488 2465 ‘d'autres
1510 2444 1533 2474 y
1557 2444 1646 2465 mar-

118 2484 288 2522 chaient',
312 2485 418 2516 fuisse
442 2495 485 2517 ex
510 2495 580 2517 uno
605 2485 774 2516 Martialis
799 2495 900 2516 uersu
925 2494 954 2516 11
979 2486 1021 2516 86
1047 2487 1066 2516 7
1093 2485 1259 2526 colligunt
1350 2487 1414 2517 438
1441 2484 1645 2516 adnumeres

118 2534 297 2567 Reinesius
319 2535 406 2568 Scal.
429 2537 481 2568 ed.
506 2537 526 2568 3
548 2547 581 2578 p.
605 2537 659 2573 23,
682 2536 887 2568 adnumeros
909 2535 984 2574 GM,
1007 2535 1050 2567 ad
1071 2544 1256 2567 numerosa
1276 2535 1313 2567 L.
1361 2535 1437 2567 Sen.
1462 2546 1514 2576 ep.
1539 2536 1581 2567 88
1602 2536 1644 2566 22

117 2585 170 2617 his
194 2586 423 2619 adnumeres
448 2587 537 2619 licet
560 2587 801 2619 machinatores
890 2586 1157 2626 illaG,unaLM
1248 2589 1311 2620 439
1323 2597 1459 2618 sursum
1471 2587 1647 2618 excutitur

118 2637 323 2679 subsilitque
351 2640 411 2680 qui
439 2638 573 2670 alterna
601 2640 676 2670 uice
704 2639 858 2680 superior
886 2642 948 2670 est.
996 2639 1081 2670 haec
1108 2639 1255 2670 fortasse
1284 2637 1459 2669 quenalis
1487 2638 1646 2669 imitatus

118 2691 171 2720 est
197 2697 267 2720 xm
291 2691 355 2721 265
381 2700 432 2731 sq.
460 2690 582 2721 iactata
610 2693 748 2730 petauro
771 2688 930 2733 {corpora
1023 2692 1087 2723 440
1114 2692 1176 2723 441
1203 2689 1406 2731 glossarium
1429 2689 1462 2720 S.
1488 2689 1649 2730 Dionysii

118 2738 300 2772 Francisco
329 2741 466 2773 Danieli
495 2745 619 2773 notum
651 2741 757 2782 (Petr.
787 2741 871 2782 frag.
905 2743 945 2772 15
973 2741 1026 2772 ed.
1058 2742 1202 2781 Buech.)
1234 2744 1394 2781 petaurus
1427 2750 1530 2780 yenus
1562 2739 1645 2771 ludi.

117 2789 295 2823 Petronius
312 2792 320 2805 ‘
331 2796 532 2833 petauroque
548 2792 677 2824 iubente
692 2792 786 2823 modo
801 2792 953 2832 superior
967 2792 1084 2833 <modo
1101 2792 1260 2833 inferior>
1273 2792 1293 2829 ',
1311 2792 1357 2823 sic
1376 2792 1468 2822 enim
1487 2791 1647 2832 supplen—

118 2841 202 2874 dum
225 2843 374 2876 uidetur.
422 2844 525 2885 Angli
549 2844 694 2875 dicimus
721 2844 728 2856 ⁴
743 2844 916 2882 see-saw'‚
942 2845 1038 2876 cuius
1066 2844 1139 2876 ludi
1163 2845 1277 2885 imago
1301 2843 1396 2884 apud
1421 2843 1584 2875 Daremb.
1611 2846 1646 2874 et
