1855 3088
585 108 1068 152 ASTRONOMICON
1099 109 1140 151 V
1571 114 1626 151 45

136 230 203 262 345
258 227 388 277 atque
407 226 649 264 auctoratos
668 221 713 263 in
731 221 858 263 tertia
877 221 968 263 iura
986 221 1213 272 ministros,

259 297 537 351 diuorumque
556 310 674 337 sacra
692 296 932 337 uenerantis
952 295 1126 337 numina
1144 310 1260 346 uoce,

259 385 391 425 paene
411 370 510 411 deos
530 375 573 411 et
593 369 666 425 qui
684 369 847 424 possint
865 374 1046 411 uentura
1064 369 1206 411 uidere
1227 372 1242 411 2

313 449 517 499 quattuor
535 444 739 498 adpositis
759 444 992 485 Centaurus
1011 444 1203 498 partibus
1223 444 1344 485 effert

259 518 394 560 sidera
413 523 457 559 et
476 533 528 559 ex
546 518 637 573 ipso
657 532 792 560 mores
811 518 1081 559 nascentibus
1101 518 1234 559 addit.

135 600 203 631 350
258 597 334 634 aut
353 592 533 634 stimulis
552 592 733 646 agitabit
752 607 857 633 onus
877 592 1116 647 mixtasque
1136 591 1299 647 iugabit

98 716 185 757 loqos
212 720 271 748 aut
297 716 431 748 deorum
458 716 587 748 baiulos
615 719 673 748 aut
700 715 847 748 custodes
875 716 1070 756 templorum
1097 719 1180 747 aut.
1200 740 1207 747 .
1227 739 1234 748 .
1252 715 1311 756 qui
1338 715 1472 748 deorum
1499 716 1628 748 monitu

90 767 211 808 futura
225 771 456 807 praenoscant,
476 776 513 798 IV
534 768 573 798 14
592 769 612 798 5
630 777 781 798 neocoros
799 770 857 798 aut
872 767 1050 807 prophetas
1068 791 1075 798 .
1095 791 1102 798 .
1123 791 1129 798 .
1148 770 1206 798 aut
1222 767 1394 807 principes
1412 767 1627 804 sacerdotum,

98 827 150 850 VII
170 819 212 850 23
232 820 275 850 28
295 818 484 855 sacerdotes,
504 818 693 858 prophetas,
714 828 877 855 neocoros,
898 827 967 849 VIII
987 819 1029 850 29
1053 819 1092 850 10
1113 818 1288 855 hieroduli,
1310 818 1400 849 serui
1420 818 1626 858 templorum,

97 870 135 901 in
152 880 319 901 sacrorum
336 869 549 901 caerimoniis
566 869 704 910 hymnos
722 869 875 906 dicentes,
893 869 1046 901 Maneth.
1068 878 1106 900 VI
1123 870 1188 901 437
1208 879 1258 910 sq.
1284 871 1450 900 ἀθανάτων
1475 871 1627 910 ζακόρουσ

98 924 202 960 σηκῶν
234 921 261 952 θ’
293 922 391 961 ἁγίων
424 923 534 961 ἱερῆασ
561 945 567 952 .
588 944 595 952 .
615 945 622 952 .
646 924 852 958 μαντοσύναο·
879 922 997 959 ζαθέησ
1025 922 1203 960 φαίνοντασ
1231 920 1286 951 ἀπ’
1314 923 1435 960 ὀμφῆσ,
1462 920 1626 953 C.C.A.G.

98 981 166 1003 VIII
194 972 230 1003 iv
258 982 291 1013 p.
326 973 387 1003 147
417 973 459 1003 22
493 982 544 1013 sq.
581 973 756 1012 θεοσεβεῖσ,
793 973 1004 1010 θεολήπτουσ,
1039 975 1072 1003 ἐν
1104 974 1200 1011 ἱεροῖσ
1233 973 1380 1003 δουλείασ
1412 973 1571 1010 ἁδόξουσ.
1592 995 1599 1003 .
1620 996 1627 1003 .

98 1025 309 1062 κεκτημένουσ
401 1025 465 1056 344
479 1032 563 1064 quos
577 1023 888 1064 Regiomontanus,
904 1022 994 1064 quod
1007 1022 1109 1061 GLM,
1124 1022 1205 1063 quid
1221 1023 1295 1054 cod.
1314 1023 1413 1054 Bodl.
1500 1023 1629 1064 finqent

97 1074 246 1116 Scaliger
272 1075 307 1106 in
329 1074 433 1116 finqet
460 1075 625 1112 mutauit,
654 1074 778 1106 deinde
806 1078 917 1106 metro
946 1085 1145 1106 succurrens
1173 1078 1263 1105 ortus
1291 1075 1326 1105 in
1352 1078 1471 1114 partus
1498 1075 1627 1116 Fayus,

97 1136 186 1167 quae
209 1127 278 1157 iam
302 1127 354 1157 uis
377 1129 441 1162 est,
466 1126 531 1157 etsi
554 1126 759 1157 mendorum
781 1126 817 1157 in
840 1136 942 1157 uersu
965 1127 1008 1157 46
1031 1136 1101 1157 non
1125 1136 1202 1157 sum
1226 1125 1364 1157 oblitus.
1406 1125 1535 1166 finqent
1557 1126 1628 1157 Ara

96 1180 132 1208 et
159 1180 320 1208 octauam
346 1180 483 1218 partem
509 1177 650 1208 trahens
677 1177 777 1218 Nepa
792 1189 800 1214 ;
841 1187 923 1208 nam
950 1177 1053 1208 simili
1078 1177 1212 1208 ratione
1239 1178 1304 1208 298
1331 1187 1380 1218 sq.
1410 1180 1445 1208 et
1472 1177 1628 1218 Sagittae

96 1231 131 1259 et
155 1228 336 1260 Chelarum
359 1229 450 1270 parti
474 1228 575 1259 simul
598 1229 752 1269 surgenti
775 1228 978 1259 tribuuntur
1001 1231 1098 1259 ortus
1120 1229 1243 1259 Teucri
1265 1231 1301 1259 et
1324 1228 1538 1260 Philoctetae

141 1279 273 1311 infinite
290 1279 422 1311 dictum
438 1279 560 1319 templa
575 1279 711 1310 colentes
726 1279 879 1320 (serentes
896 1279 970 1310 cod.
988 1279 1155 1319 Venetus)
1173 1279 1217 1310 ob
1234 1280 1473 1320 insequentem
1489 1290 1627 1311 uersum

98 1331 228 1372 accipio
256 1331 450 1362 sacerdotes
478 1332 613 1371 (ἱερέασ)
642 1334 678 1362 et
705 1331 864 1362 aedituos
892 1332 1091 1371 (νεωκόρουσ,
1112 1332 1341 1371 ἱεροφύλακασ)
1434 1333 1498 1364 345
1525 1331 1627 1372 signi-

97 1381 256 1419 ficantur,
272 1382 336 1413 nisi
350 1382 461 1419 fallor,
477 1383 566 1413 serui
580 1381 739 1413 libertiue
753 1392 815 1423 pro
830 1382 979 1413 aedituis
994 1385 1134 1423 agentes
1147 1394 1153 1413 :
1183 1381 1288 1418 tertia,
1303 1392 1342 1413 eo
1356 1382 1474 1413 ordine
1489 1385 1627 1413 seruato

96 1433 156 1474 qui
179 1435 232 1464 est
254 1433 290 1464 in
313 1433 433 1474 digest.
459 1442 583 1464 XXXIII
608 1435 622 1464 1
648 1434 690 1465 20
717 1435 732 1464 1
758 1433 917 1464 sacerdoti
940 1437 969 1464 et
991 1432 1222 1473 hierophylaco
1245 1436 1274 1464 et
1293 1433 1416 1464 libertis
1434 1433 1493 1473 qui
1512 1433 1550 1464 in
1571 1433 1628 1465 illo

98 1483 216 1524 templo
237 1487 355 1521 erunt3
388 1494 500 1525 neque
520 1485 611 1516 enim
632 1484 908 1526 Wageningenus
928 1485 1020 1516 hunc
1036 1494 1175 1515 uersum
1191 1487 1272 1526 post
1287 1485 1351 1516 347
1368 1485 1628 1526 transponendo

97 1535 312 1576 probabilem
332 1535 446 1567 effecit
467 1535 631 1567 ordinem.
679 1535 762 1567 locis
783 1546 887 1577 supra
907 1535 1034 1567 adlatis
1055 1535 1144 1567 adde
1165 1536 1268 1566 Firm.
1292 1544 1335 1566 III
1355 1537 1375 1567 5
1398 1537 1437 1566 15
1458 1535 1628 1576 reliqiosos

96 1585 230 1617 deorum
249 1586 396 1623 cultores,
416 1610 422 1617 .
443 1610 449 1617 .
470 1611 477 1618 .
496 1587 534 1617 in
554 1586 684 1627 templis
705 1587 866 1627 iynobilia
885 1586 993 1628 officia
1013 1590 1071 1618 aut
1090 1586 1210 1618 seruile
1234 1586 1368 1626 aliquod
1391 1587 1626 1624 ministerium,

96 1646 164 1668 VIII
185 1638 224 1668 21
253 1639 289 1668 11
315 1637 441 1668 aeditui
467 1637 675 1678 custodesque
701 1637 907 1678 templorum,
930 1637 984 1670 uel
1005 1638 1063 1678 qui
1085 1648 1254 1669 sacrorum
1276 1638 1392 1679 officiis
1415 1638 1627 1679 deputantur,

96 1691 154 1719 aut
182 1688 355 1720 hieroduli.
403 1692 495 1720 certe
522 1689 590 1720 huc
618 1700 688 1720 non
716 1690 893 1731 pertinent
920 1690 989 1721 tria
1017 1689 1236 1721 sacerdotum
1264 1700 1389 1730 genera
1417 1700 1438 1721 a
1467 1690 1628 1721 Cicerone

97 1739 181 1780 legg.
210 1748 238 1770 Π
262 1740 304 1771 20
331 1741 534 1777 constituta,
561 1741 621 1781 qui
647 1743 729 1772 sunt
754 1740 946 1782 pontifices,
973 1749 1023 1772 XV
1048 1741 1114 1772 uiri
1139 1741 1206 1777 s.f.‚
1233 1751 1403 1782 augures;
1442 1751 1556 1782 neque
1581 1752 1624 1772 ex

97 1790 205 1822 C.I.L.
234 1799 272 1822 VI
298 1792 404 1823 32471
433 1791 583 1823 sacerdos
610 1791 677 1823 loco
701 1797 770 1829 ΙΙΙ,
798 1793 898 1823 inscr.
926 1792 1003 1823 Lat.
1029 1792 1172 1823 Dessau.
1197 1793 1285 1823 4184
1308 1792 1458 1824 sacerdos
1484 1792 1626 1824 secundo

94 1841 172 1878 loco,
192 1843 279 1873 4468
298 1842 446 1873 sacerdos
465 1866 471 1873 .
492 1866 498 1873 .
519 1866 526 1873 .
545 1842 607 1874 loci
623 1842 730 1883 primi
748 1843 813 1874 hoc
831 1843 996 1874 illustrari
1014 1853 1114 1884 posse
1132 1846 1220 1884 puto
1311 1843 1375 1875 346
1397 1843 1461 1875 347
1479 1844 1626 1884 hymno-

94 1892 190 1934 logos
219 1893 425 1934 eosdemque
455 1894 642 1934 prophetas
733 1896 798 1927 346
826 1902 911 1926 uoce
940 1894 1099 1935 Scaliger,
1129 1903 1232 1926 uoces
1260 1894 1348 1925 libri.
1397 1895 1627 1936 hymnologus

96 1945 217 1975 matris
242 1944 346 1975 deum
371 1944 496 1976 Idaeae
522 1948 812 1977 commemoratur
836 1946 936 1976 inscr.
964 1945 1040 1977 Lat.
1068 1946 1211 1977 Dessau.
1238 1946 1326 1976 4164
1351 1946 1456 1986 (Bull.
1484 1946 1516 1977 d.
1544 1947 1625 1978 inst.

100 1996 184 2026 1884
210 2006 243 2036 p.
275 1996 351 2035 155)
444 1998 507 2029 347
530 2006 638 2036 paene
663 1996 749 2034 deos,
777 1997 871 2028 Vett.
898 1996 973 2028 Val.
999 2007 1032 2038 p.
1060 1997 1101 2028 63
1125 1998 1166 2028 18
1190 2007 1240 2038 sq.
1266 1999 1355 2028 ἕσται
1375 2021 1381 2028 .
1401 2021 1409 2028 .
1429 2021 1436 2028 .
1455 2000 1626 2038 προφήτησ

97 2048 239 2084 μεγάλου
280 2049 350 2078 θεοῦ
388 2050 439 2078 καὶ
479 2049 754 2086 ἐπακουσθήσεται
793 2049 839 2079 dur
880 2049 954 2080 θεόσ·
1043 2047 1174 2089 possint
1213 2048 1260 2086 M,
1301 2050 1444 2089 possunt
1483 2048 1537 2080 GL

142 2099 294 2131 348-356
316 2108 395 2129 cum
417 2098 622 2130 duodecima
644 2099 775 2140 Scorpii
797 2102 897 2141 parte
919 2100 1028 2131 oritur
1050 2099 1266 2131 Centaurus:
1302 2099 1345 2131 de
1366 2101 1463 2141 signo
1485 2111 1626 2132 consen-

95 2149 190 2180 tiunt
210 2152 368 2181 auctores
389 2149 483 2191 apud
503 2150 654 2182 Bollium
673 2151 807 2192 sphaer.
829 2161 861 2192 p.
886 2152 926 2182 19
946 2153 977 2187 5,
998 2152 1041 2182 48
1061 2152 1103 2183 34
1123 2161 1186 2192 sq„
1207 2152 1250 2182 58
1272 2152 1389 2188 19-21,
1410 2152 1475 2183 465
1497 2153 1533 2183 11

143 2202 206 2233 349
227 2199 337 2232 sidera
357 2200 404 2239 Μ,
426 2200 534 2233 sidere
555 2201 610 2233 GL
631 2202 706 2233 cod.
730 2202 883 2233 Venetus
974 2210 1086 2233 mores
1107 2201 1197 2233 Flor.
1225 2205 1261 2234 et
1288 2202 1402 2239 Bodl.‚
1430 2212 1525 2234 more
1551 2203 1625 2241 LM,

96 2259 227 2283 morem
249 2250 278 2283 G
368 2254 520 2286 350-356
542 2253 615 2294 ipse
639 2253 831 2285 Centaurus
854 2263 894 2284 ea
916 2253 1028 2285 facere
1051 2253 1179 2284 dicitur
1201 2263 1290 2294 quae
1312 2254 1447 2285 faciunt
1470 2254 1627 2287 homines

95 2302 159 2333 sub
186 2313 226 2334 eo
251 2306 454 2335 nascentes:
495 2304 575 2335 uide
602 2312 639 2335 IV
668 2305 730 2336 149
756 2304 873 2345 ibique
899 2304 1080 2336 adnotata.
1128 2305 1234 2346 igitur
1259 2308 1450 2336 nascuntur
1476 2306 1626 2343 asinarii,

96 2353 274 2390 muliones,
297 2355 446 2395 aurigae,
469 2365 558 2396 equo
579 2365 725 2387 curruue
748 2355 926 2393 bellantes,
949 2356 1147 2387 ueterinarii
1238 2358 1302 2390 350
1322 2356 1469 2387 stimulis
1490 2360 1627 2398 spectat

96 2404 142 2435 ad
165 2405 411 2447 etymologiam
434 2416 504 2446 qua
530 2408 714 2447 Κένταυροσ
738 2417 759 2438 a
782 2408 901 2438 κεντεῖν
924 2406 1110 2443 ducebant,
1133 2406 1230 2438 uelut
1252 2407 1415 2449 Palaeph.
1443 2409 1458 2439 1
1484 2411 1520 2439 et
1543 2408 1626 2440 locis

95 2455 140 2486 ab
162 2455 340 2498 Ebelingio
360 2456 425 2488 lex.
449 2458 553 2489 Hom.
576 2467 590 2489 I
610 2469 643 2499 p.
667 2459 731 2490 760
752 2458 902 2495 adlatis;
936 2469 979 2489 ne
1000 2468 1104 2499 quem
1125 2461 1254 2490 terreat
1274 2461 1337 2490 aut
1357 2458 1506 2500 Scaliger
1526 2470 1625 2491 suam

95 2507 329 2539 coniecturam
355 2508 461 2539 mulos
487 2512 557 2549 aqet
583 2512 641 2540 aut
667 2519 808 2540 mannos
834 2510 881 2540 sic
907 2509 1122 2550 praedicans,
1151 2509 1257 2541 ‘haec
1283 2512 1402 2542 nostra
1428 2510 1626 2543 emendatio

95 2568 164 2589 non
182 2561 299 2599 potest
317 2559 495 2600 displicere
513 2561 579 2591 nisi
598 2560 808 2591 mulionibus
827 2563 890 2592 aut
909 2560 1010 2592 mulis
1028 2561 1111 2602 ipsis
1123 2560 1143 2598 ⁵,
1164 2563 1227 2592 aut
1245 2560 1347 2592 laude
1365 2572 1443 2593 eam
1462 2562 1626 2603 dignatus

96 2608 281 2641 Bentleius.
353 2610 474 2642 melius
499 2611 536 2642 P.
563 2611 768 2642 Thomasius
793 2611 887 2652 apud
912 2611 1070 2643 Ellisium
1094 2615 1186 2643 noct.
1212 2611 1304 2643 Man.
1331 2623 1364 2653 p.
1394 2614 1455 2644 185
1479 2613 1627 2644 stimulis

93 2663 163 2700 aqet
186 2664 260 2692 ante
283 2661 380 2693 boues
470 2661 613 2703 agitabit
636 2662 795 2699 Iacobus,
819 2662 964 2703 agitauit
986 2662 1033 2701 M,
1057 2662 1203 2704 agitauit
1224 2665 1286 2694 aut
1307 2663 1344 2702 L,
1368 2663 1439 2704 agit
1461 2666 1522 2695 aut
1545 2663 1626 2703 GL2,

94 2710 202 2751 agitat
220 2712 293 2743 cod.
315 2712 468 2744 Venetus
559 2722 646 2745 onus
665 2713 711 2751 M,
732 2713 843 2745 omnis
868 2712 923 2745 GI.
947 2713 1021 2745 cod.
1042 2713 1196 2745 Venetus
1287 2725 1383 2751 onus,
1404 2716 1508 2751 ὄνουσ,
1528 2716 1625 2746 cuius

94 2763 348 2795 terminationis
374 2763 540 2805 exemplis
565 2775 586 2795 a
610 2765 722 2796 Neuio
747 2773 761 2795 I
785 2775 818 2806 p.
846 2766 910 2796 209
936 2765 988 2796 ed.
1016 2766 1036 2797 3
1063 2765 1214 2797 collectis
1239 2766 1412 2806 quaedam
1438 2766 1626 2797 adjecimus

95 2812 132 2844 L.
150 2813 333 2846 Muellerus
349 2815 394 2846 ad
410 2815 516 2847 Lucil.
534 2826 567 2858 p.
585 2817 650 2848 256
666 2819 702 2848 et
717 2826 779 2858 ego
794 2816 830 2848 in
847 2816 1005 2848 Classical
1023 2815 1208 2859 Quarterly
1223 2827 1278 2849 an.
1302 2817 1386 2849 1919
1401 2827 1434 2859 p.
1453 2818 1505 2849 70.
1546 2817 1626 2849 uide
