1855 3088
193 111 272 148 128
491 107 552 149 M.
585 104 837 148 MANILII
867 102 1351 147 ASTRONOMICON
1381 103 1423 145 V

190 217 382 258 imploraret
404 217 538 249 habebat
561 217 709 259 (Asopus
731 227 847 258 pugna
868 226 948 248 cum
969 215 1054 247 Ioue
1074 215 1284 255 commissa),
1306 214 1367 246 ubi
1387 213 1492 247 schol.
1517 212 1525 226 ‘
1540 213 1622 255 quia
1642 213 1721 246 huic

191 269 281 301 bella
302 272 540 301 commouerat
556 279 577 300 a
594 278 662 309 quo
680 269 797 300 omnia
814 268 958 299 numina
975 266 1143 299 auxilium
1160 266 1335 308 postulare
1352 268 1603 298 consueuerant
1616 265 1637 296 '.

238 322 303 353 424
326 320 406 351 uide
444 329 481 351 IV
520 321 583 352 837
618 329 686 350 uno
721 319 832 350 timuit
866 318 963 350 condi
998 321 1119 349 natura
1153 317 1301 358 sepulcro
1335 320 1371 349 et
1404 316 1449 349 ad
1484 316 1566 348 Luc.
1603 324 1626 347 v
1660 316 1724 348 778

188 371 369 403 adnotata.

233 425 297 456 426
321 423 419 464 Verg.
438 423 522 454 Aen.
541 430 608 453 vm
625 422 688 453 692
705 421 826 453 montis
842 430 1030 452 concurrere
1046 419 1212 452 montibus
1227 419 1310 451 altos
1327 419 1384 460 (al.
1402 419 1505 458 altis).

234 476 298 507 429
322 474 411 506 adde
435 473 535 506 Ouid.
558 484 602 505 ex
624 473 725 504 Pont.
750 481 763 503 1
785 474 805 503 5
827 473 847 504 9
869 482 920 513 sq.
944 471 1022 503 haec
1043 481 1168 512 quoque
1184 496 1191 502 .
1209 495 1216 502 .
1234 495 1240 502 .
1256 471 1432 502 scribimus
1454 469 1577 507 inuita,
1600 469 1724 510 uixque

189 529 309 563 coacta,
332 535 446 563 manu,
470 525 554 557 Hor.
577 535 677 556 serm.
700 533 714 556 1
735 525 756 555 4
777 525 819 555 45
840 534 891 564 sq.
914 523 1090 560 comoedia,
1114 532 1224 560 necne,
1243 532 1363 562 poema
1384 519 1388 564 Ι
1409 524 1498 553 esset.
1545 521 1724 552 omittitur

189 577 386 608 coniunctio
404 577 493 607 Eun.
510 587 566 618 ap.
583 576 666 607 Isid.
682 576 766 617 orig.
784 584 850 606 XIX
865 576 885 606 2
904 576 944 606 14
959 574 1111 605 tonsillas
1126 573 1258 614 apiunt,
1275 573 1440 614 confiqunt
1455 572 1546 609 litus,
1562 571 1721 603 aduncas.

190 628 348 669 exempla
364 627 495 659 Graeca
510 627 647 668 collegit
663 626 854 658 Lobeckius
870 626 915 657 ad
930 625 1034 666 Soph.
1051 625 1105 656 Ai.
1122 626 1186 656 475
1201 634 1253 665 sq.

233 681 298 712 430
321 679 493 711 contrario
521 689 633 710 errore
659 678 757 717 siqna
776 677 855 718 fieri
882 687 942 718 pro
970 675 1124 717 siqniferi
1150 676 1226 708 cod.
1255 675 1357 707 Bern.
1385 676 1428 706 45
1454 674 1537 707 Luc.
1565 682 1618 705 vn
1646 674 1721 706 163.

188 731 346 772 gigantas
374 730 451 762 Ioui
477 730 657 771 pestiferos
684 730 789 761 fuisse
816 739 895 760 uere
922 728 1056 769 negaui,
1085 737 1299 768 quamquam
1325 727 1392 768 ipsi
1418 737 1479 767 per
1505 736 1540 757 so
1567 724 1743 767 pestiferi*

188 782 409 823 appellantur
431 781 509 813 Sen.
535 781 607 813 H.f.
633 781 697 812 976
720 781 867 820 yiyantes
894 789 988 810 arma
1013 778 1164 820 pestiferi
1191 781 1332 809 mouent.
1379 780 1533 809 ceterum
1553 787 1622 808 non
1643 786 1725 807 sane

190 835 321 865 usitate
345 833 516 865 diceretur
531 832 609 873 fieri
633 835 750 869 norat3
786 831 846 863 sed
869 831 1115 872 suppeditatur
1137 829 1234 861 uelut
1258 832 1408 869 expertus
1432 831 1508 866 erat,
1533 827 1726 860 cuiusmodi

189 888 242 916 est
260 885 327 917 Cic.
346 895 407 926 pro
426 885 530 916 Marc.
549 885 568 915 2
586 893 644 915 nec
661 882 745 915 mihi
759 882 999 923 persuadere
1013 885 1162 922 poteram
1177 891 1235 912 nec
1245 880 1303 922 fas
1317 890 1384 911 esse
1395 879 1552 912 ducebam
1569 878 1725 910 uersari

189 947 244 967 me
268 936 305 967 in
321 939 430 967 nostro
446 939 551 967 uetere
566 935 739 966 curriculo.

234 990 308 1025 435,
332 987 470 1028 qualem
491 997 570 1018 eum
592 986 628 1018 M
648 985 801 1024 exhibet,
824 984 992 1016 intentans
1012 983 1157 1015 similem
1178 993 1324 1015 morsum
1345 982 1415 1014 iam
1436 982 1568 1023 iamque
1588 981 1722 1020 tenenti,

188 1039 233 1071 ad
248 1039 347 1070 Cetus
359 1039 476 1070 referri
489 1038 716 1079 grammatica
729 1047 799 1068 non
812 1039 911 1068 uetat
927 1048 934 1067 :
961 1038 1104 1067 manent
1117 1038 1250 1067 ceterae
1263 1034 1496 1066 difficultates.
1535 1034 1722 1071 Breiterus,

189 1101 268 1122 cum
290 1091 386 1122 cuius
408 1090 539 1131 generis
560 1089 596 1120 id
618 1099 744 1120 nomen
765 1091 854 1119 esset
875 1098 897 1119 a
918 1098 972 1118 me
993 1087 1180 1123 didicisset,
1202 1085 1326 1117 Pristis
1346 1085 1540 1122 substituit,
1564 1088 1604 1117 ut
1626 1084 1724 1116 Cetus

189 1142 357 1183 glossema
374 1145 464 1173 esset
480 1151 523 1172 ex
541 1141 693 1181 margine
710 1139 847 1171 illatum
862 1151 870 1176 ;
901 1138 1002 1180 quale
1019 1138 1188 1179 glossema
1205 1147 1305 1169 nemo
1323 1137 1468 1168 Latinus
1486 1136 1723 1178 adscripturus

188 1193 267 1230 fuit,
297 1196 484 1233 utrumque
512 1193 604 1223 enim
632 1191 842 1223 uocabulum
869 1190 999 1232 pariter
1026 1189 1138 1230 glossa
1165 1192 1229 1226 est,
1258 1189 1427 1230 glossema
1455 1187 1550 1219 belua
1577 1187 1722 1219 marina.

189 1247 271 1275 cetos
292 1248 455 1275 neutrum
476 1244 583 1275 etiam
605 1243 692 1274 Plin.
716 1242 786 1273 n.h.
810 1250 919 1273 xxxn
942 1242 993 1279 10,
1017 1240 1111 1272 Seru.
1135 1240 1219 1271 Aen.
1243 1248 1257 1270 1
1278 1241 1353 1271 550.
1398 1242 1553 1271 ceterum
1575 1239 1656 1270 uide
1678 1238 1723 1270 ad

189 1304 212 1326 V
229 1297 293 1327 233
311 1296 492 1327 adnotata.

236 1349 300 1380 436
323 1348 428 1378 immo
448 1347 502 1378 hic
520 1345 603 1377 ordo
623 1348 676 1377 est
692 1358 698 1377 :
731 1345 843 1385 qualis
860 1344 970 1381 aluus,
990 1343 1035 1375 ad
1053 1343 1167 1375 fatum
1185 1342 1374 1384 Cepheidos
1392 1342 1591 1379 adueniens,
1611 1341 1724 1378 undis,

191 1408 277 1439 quas
297 1398 498 1430 fluctuando
519 1397 659 1434 fecerat,
680 1399 828 1438 pontum
848 1395 940 1427 ultra
959 1395 1062 1426 litora
1081 1394 1227 1436 expulit.
1274 1393 1355 1425 uide
1374 1402 1396 1424 v
1416 1393 1544 1424 579—81
1565 1392 1727 1432 orauidus

191 1450 261 1481 iam
279 1460 409 1489 surqere
425 1452 549 1489 pontus
571 1447 575 1491 l
595 1451 742 1488 coeperat
762 1451 788 1478 et
807 1447 902 1486 lonyo
915 1446 1089 1487 fuqiebant
1107 1445 1239 1485 aqmine
1251 1445 1377 1486 fluctus
1399 1442 1403 1487 Ι
1423 1443 1623 1484 impellentis
1642 1453 1726 1475 onus

190 1501 340 1539 monstri,
357 1501 464 1532 etiam
480 1500 555 1532 Val.
573 1499 623 1531 Fl.
642 1508 685 1530 111
700 1500 775 1536 475,
792 1498 853 1530 ubi
862 1498 987 1539 fluctus
1002 1500 1085 1529 sunt
1100 1507 1186 1538 quos
1203 1496 1367 1528 Hercules
1382 1495 1581 1537 remigando
1597 1495 1726 1527 excita-

190 1556 299 1584 uerat.

237 1606 301 1637 439
324 1614 386 1645 pro
402 1603 536 1634 iunctus
550 1602 621 1644 lege
638 1601 761 1633 iunctis
777 1613 785 1638 ;
813 1609 850 1632 IV
865 1601 928 1632 369
943 1611 1013 1632 non
1027 1600 1053 1631 L
1066 1610 1188 1631 uerum
1202 1598 1242 1630 L2
1256 1598 1383 1630 cunctis
1396 1598 1489 1630 fecit.
1536 1598 1579 1629 de
1594 1597 1727 1628 iunctus

191 1659 227 1687 et
241 1658 378 1686 cunctus
392 1655 543 1687 confusis
557 1654 637 1685 uide
651 1654 759 1684 etiam
774 1652 819 1684 ad
833 1652 915 1684 Luc.
932 1660 985 1682 vn
1001 1652 1073 1682 179.

235 1709 389 1739 440-442
413 1706 543 1737 Bollius
560 1705 726 1736 Deutsch.
746 1704 815 1735 Lit.
833 1714 889 1735 an.
910 1704 994 1735 1906
1011 1713 1045 1744 p.
1063 1703 1127 1734 482
1145 1712 1180 1734 se
1197 1705 1288 1734 recte
1305 1702 1342 1733 in
1357 1701 1492 1742 sphaer.
1511 1711 1570 1742 pp.
1593 1701 1655 1732 135
1672 1710 1726 1741 sq.

190 1758 378 1799 explicasse
403 1758 577 1798 opinatur,
603 1757 640 1787 in
663 1767 702 1787 οο
729 1755 793 1787 sibi
818 1755 956 1796 placens
982 1754 1075 1795 quod
1100 1754 1325 1784 inuenustum
1349 1751 1557 1784 uersiculum
1581 1762 1652 1783 non
1675 1752 1726 1783 in-

191 1810 335 1841 seruerit
351 1821 358 1846 ;
391 1819 472 1840 nam
491 1809 599 1839 etiam
617 1818 736 1839 uersus
755 1807 915 1838 factitare
935 1816 989 1837 me
1007 1805 1128 1837 docere
1148 1807 1291 1846 paratus
1309 1807 1395 1835 erat.
1442 1803 1572 1835 scilicet
1590 1802 1728 1834 alterius

191 1861 297 1901 capiti
317 1860 489 1900 coniunyz‘t
508 1862 731 1890 enarrauerat
754 1857 900 1889 Eridani
921 1857 1003 1888 ostio
1023 1856 1205 1896 coniunyit,
1227 1859 1267 1887 ut
1287 1856 1342 1887 hic
1363 1855 1424 1896 qui
1442 1858 1532 1886 esset
1552 1858 1615 1886 aut
1635 1854 1726 1886 unde

191 1916 346 1945 oreretur
360 1912 509 1944 tacitum
525 1911 640 1942 fuerit.
688 1913 842 1942 ceterum
857 1909 1003 1940 fortasse
1019 1919 1089 1939 non
1104 1911 1185 1939 ante
1201 1908 1263 1938 441
1282 1917 1399 1938 uersus
1415 1906 1475 1938 sed
1490 1909 1570 1948 post
1585 1905 1726 1942 excidit,

191 1965 255 1996 hoc
284 1963 411 1995 modo:
454 1962 591 1994 alterius
618 1961 723 2002 capiti
751 1960 923 2000 coniunqit
950 1959 1123 2000 Aquarius
1150 1958 1270 1996 undas,
1299 1958 1402 1999 <alter
1429 1957 1470 1989 ab
1499 1960 1619 1988 exserto
1644 1956 1728 1997 pede

189 2015 329 2056 profluit
346 2014 504 2055 Orionis>
520 2013 654 2045 Amnis.

238 2069 302 2099 443
326 2065 515 2098 Cleomedis
541 2064 647 2096 uerba
674 2074 762 2105 quae
788 2063 922 2095 adferre
949 2062 1043 2094 uolui
1069 2062 1153 2093 haec
1181 2064 1273 2098 sunt,
1301 2069 1315 2091 1
1340 2062 1361 2091 4
1386 2061 1455 2101 (20)
1479 2062 1542 2091 τὰσ
1570 2060 1630 2091 ὑπὸ
1653 2061 1728 2090 ταῒσ

192 2120 322 2159 ἅρκτοισ
346 2120 463 2156 ζώνασ,
489 2116 614 2157 quibus
637 2116 726 2147 adde
750 2115 855 2146 Arist.
881 2117 1021 2146 meteor.
1047 2124 1080 2155 p.
1105 2114 1190 2145 36222
1213 2114 1252 2145 31
1278 2122 1328 2153 sq.
1355 2113 1370 2143 ὁ
1394 2114 1428 2143 δὲ
1450 2113 1560 2143 Νότοσ
1581 2112 1645 2142 ἀπὸ
1667 2112 1729 2149 τῆσ-

193 2171 321 2211 θερινῆσ
337 2171 461 2209 τροπῆσ
480 2170 555 2199 πνεῖ
569 2170 619 2199 καὶ
636 2169 691 2198 οὐκ
709 2168 773 2198 ἀπὸ
788 2169 850 2204 τῆσ
867 2167 981 2206 ἑτέρασ
998 2167 1123 2206 ἄρκτου.

238 2223 302 2254 445
325 2229 348 2251 V
365 2221 426 2251 261
446 2219 596 2259 depinget
610 2221 710 2259 prata
720 2217 852 2259 fiquris.

243 2275 306 2306 455
330 2272 442 2303 Draco
463 2274 498 2302 et
517 2271 643 2302 Arctoe
662 2280 722 2311 pro
743 2280 811 2300 uno
832 2269 927 2310 signo
947 2271 1029 2300 sunt
1048 2267 1175 2309 Tiphyi
1198 2266 1273 2299 Val.
1298 2266 1349 2297 Fl.
1374 2274 1403 2297 Π
1426 2266 1468 2297 64
1491 2275 1542 2306 sq.
1566 2264 1622 2296 sed
1644 2263 1729 2296 mihi

193 2323 271 2360 dux,
291 2323 403 2354 uetitis
421 2323 478 2362 qui
496 2331 679 2361 numquam
696 2320 847 2352 conditus
865 2319 967 2351 undis
989 2317 993 2362 Ι
1013 2329 1073 2350 axe
1091 2318 1171 2349 nitet
1188 2318 1332 2358 Serpens
1349 2320 1560 2357 septenosque
1578 2315 1730 2356 implicat

193 2375 295 2415 iynes.
342 2375 385 2406 de
402 2374 520 2405 ordine
537 2373 722 2404 uerborum
738 2372 817 2403 uide
833 2372 940 2402 etiam
957 2379 985 2401 ΙΙ
1004 2371 1076 2407 176,
1095 2371 1159 2401 804
1176 2380 1239 2410 sq„
1257 2377 1300 2400 ΙΙΙ
1316 2369 1391 2400 483.

239 2428 303 2459 460
326 2426 481 2457 ordinem
495 2435 567 2456 esse
580 2434 726 2455 uacuum
740 2422 866 2454 lumine
879 2422 1064 2454 dicendum
1077 2424 1130 2453 est
1143 2421 1187 2452 ob
1200 2421 1288 2452 thes.
1304 2420 1384 2461 ling.
1400 2419 1477 2451 Lat.
1492 2428 1535 2450 m
1548 2430 1581 2460 p.
1595 2419 1660 2451 963
1674 2419 1726 2450 33.

239 2479 303 2510 469
327 2477 444 2508 confer
460 2486 548 2516 quae
565 2476 609 2506 ad
627 2484 655 2506 ΙΙ
671 2476 734 2506 256
751 2484 802 2515 sq.
821 2473 999 2505 adnotaui.

240 2531 304 2562 470
327 2538 397 2559 non
414 2527 498 2559 satis
516 2527 659 2568 planum
676 2526 741 2557 feci
758 2536 876 2556 omnes
894 2535 948 2556 me
965 2525 1094 2565 priores
1112 2523 1205 2560 luna,
1224 2533 1294 2554 non
1312 2521 1445 2553 lamina
1462 2521 1607 2553 dedisse.

241 2582 303 2613 471
328 2579 396 2611 Cic.
414 2578 498 2619 legg.
517 2586 531 2608 1
547 2579 589 2609 25
607 2581 651 2608 est
674 2580 784 2608 autem
808 2576 917 2607 uirtus
940 2575 1028 2606 nihil
1051 2574 1147 2606 aliud
1171 2574 1256 2605 inse
1285 2573 1459 2614 perfecto
1482 2573 1566 2613 (nisi
1585 2571 1730 2613 perfecta

195 2631 337 2667 Bakius‚
352 2630 423 2670 lege
438 2629 523 2668 nise)
539 2632 565 2659 et
578 2628 621 2659 ad
633 2638 801 2659 summum
811 2627 970 2667 perducta
982 2630 1114 2657 natura.
1163 2625 1294 2657 Bollius
1307 2625 1473 2656 Deutsch.
1488 2624 1557 2655 Lit.
1571 2634 1626 2655 an.
1644 2623 1728 2655 1906

194 2693 229 2724 p.
253 2683 328 2719 482,
352 2692 394 2713 ne
417 2684 479 2712 aut
502 2680 624 2711 Latine
647 2682 709 2711 aut
732 2679 859 2711 Graece
882 2679 966 2710 scire
989 2681 1051 2709 aut
1073 2677 1221 2708 Aratum
1243 2679 1306 2707 aut
1328 2675 1592 2707 adnotationem
1614 2684 1728 2706 meam

196 2734 315 2775 legisse
341 2733 527 2768 uideretur,
554 2731 637 2762 haec
663 2731 823 2771 scripsit:
865 2729 873 2742 ‘
889 2740 921 2760 v.
948 2730 1010 2760 471
1038 2728 1123 2760 wird
1148 2728 1204 2760 die
1229 2726 1504 2759 abenteuerliche
1529 2725 1730 2766 Konjektur

195 2785 305 2817 durch
334 2779 556 2824 Uberlegung
585 2793 655 2813 von
682 2781 780 2813 Arat.
812 2782 876 2813 370
905 2781 940 2812 ff.
970 2780 1127 2822 ganzlich
1157 2777 1393 2820 iiberflfissig’.
1441 2788 1564 2819 nempe
1592 2777 1729 2808 dixerat

195 2837 324 2868 Aratus
343 2835 433 2867 infra
451 2834 618 2876 Leporem
637 2833 807 2874 quosdam
824 2842 897 2865 esse
920 2833 1062 2874 ἀστέρασ
1081 2830 1224 2873 (stellas)
1244 2832 1417 2868 νωνύμουσ,
1436 2839 1522 2871 quos
1540 2827 1731 2861 astronomi
