<?xml version="1.0" encoding="UTF-8"?>
<!DOCTYPE html PUBLIC "-//W3C//DTD XHTML 1.0 Transitional//EN"
    "http://www.w3.org/TR/xhtml1/DTD/xhtml1-transitional.dtd">
<html xmlns="http://www.w3.org/1999/xhtml" xml:lang="en" lang="en">
 <head>
  <title>
</title>
<meta http-equiv="Content-Type" content="text/html;charset=utf-8" />
  <meta name='ocr-system' content='tesseract 3.04.00' />
  <meta name='ocr-capabilities' content='ocr_page ocr_carea ocr_par ocr_line ocrx_word'/>
</head>
<body>
  <div class='ocr_page' id='page_1' title='image "astronomiconrece05maniuoft_0073.png"; bbox 0 0 1855 3088; ppageno 0'>
   <div class='ocr_carea' id='block_1_1' title="bbox 596 125 1635 170">
    <p class='ocr_par' dir='ltr' id='par_1_1' title="bbox 596 125 1635 170">
     <span class='ocr_line' id='line_1_1' title="bbox 596 125 1635 170; baseline -0.004 -1"><span class='ocrx_word' id='word_1_1' title='bbox 596 125 1078 170; x_wconf 81' lang='lat' dir='ltr'><strong>ASTRONOMICON</strong></span> <span class='ocrx_word' id='word_1_2' title='bbox 1109 126 1149 168; x_wconf 93' lang='lat' dir='ltr'>V</span> <span class='ocrx_word' id='word_1_3' title='bbox 1584 127 1635 165; x_wconf 88' lang='grc'>19</span> 
     </span>
    </p>
   </div>
   <div class='ocr_carea' id='block_1_2' title="bbox 152 238 1387 886">
    <p class='ocr_par' dir='ltr' id='par_1_2' title="bbox 152 238 1387 886">
     <span class='ocr_line' id='line_1_2' title="bbox 271 238 1336 293; baseline -0.001 -13"><span class='ocrx_word' id='word_1_4' title='bbox 271 239 314 280; x_wconf 91' lang='lat' dir='ltr'>in</span> <span class='ocrx_word' id='word_1_5' title='bbox 333 239 468 280; x_wconf 91' lang='lat' dir='ltr'>lucem</span> <span class='ocrx_word' id='word_1_6' title='bbox 488 238 670 279; x_wconf 89' lang='lat' dir='ltr'>eduntur</span> <span class='ocrx_word' id='word_1_7' title='bbox 690 238 845 279; x_wconf 90' lang='lat' dir='ltr'>Bacchi</span> <span class='ocrx_word' id='word_1_8' title='bbox 864 238 1118 293; x_wconf 82' lang='lat' dir='ltr'>Venerisque</span> <span class='ocrx_word' id='word_1_9' title='bbox 1138 251 1336 293; x_wconf 81' lang='lat' dir='ltr'>sequaces</span> 
     </span>
     <span class='ocr_line' id='line_1_3' title="bbox 272 311 1387 367; baseline -0.002 -13"><span class='ocrx_word' id='word_1_10' title='bbox 272 328 426 367; x_wconf 87' lang='lat' dir='ltr'>perque</span> <span class='ocrx_word' id='word_1_11' title='bbox 446 313 575 367; x_wconf 87' lang='lat' dir='ltr'>dapes</span> <span class='ocrx_word' id='word_1_12' title='bbox 594 327 842 367; x_wconf 83' lang='lat' dir='ltr'>mensasque</span> <span class='ocrx_word' id='word_1_13' title='bbox 862 327 986 367; x_wconf 90' lang='lat' dir='ltr'>super</span> <span class='ocrx_word' id='word_1_14' title='bbox 1005 312 1241 366; x_wconf 75' lang='lat' dir='ltr'>petulantia</span> <span class='ocrx_word' id='word_1_15' title='bbox 1261 311 1387 353; x_wconf 91' lang='lat' dir='ltr'>corda</span> 
     </span>
     <span class='ocr_line' id='line_1_4' title="bbox 153 387 1176 441; baseline 0 -15"><span class='ocrx_word' id='word_1_16' title='bbox 153 396 217 426; x_wconf 86' lang='lat'>145</span> <span class='ocrx_word' id='word_1_17' title='bbox 272 392 315 428; x_wconf 93' lang='lat' dir='ltr'>et</span> <span class='ocrx_word' id='word_1_18' title='bbox 333 387 417 428; x_wconf 87' lang='lat' dir='ltr'>sale</span> <span class='ocrx_word' id='word_1_19' title='bbox 437 387 623 427; x_wconf 89' lang='lat' dir='ltr'>mordaci</span> <span class='ocrx_word' id='word_1_20' title='bbox 642 387 774 428; x_wconf 88' lang='lat' dir='ltr'>dulcis</span> <span class='ocrx_word' id='word_1_21' title='bbox 794 387 1039 441; x_wconf 73' lang='lat' dir='ltr'>quaerentia</span> <span class='ocrx_word' id='word_1_22' title='bbox 1058 387 1176 427; x_wconf 89' lang='lat' dir='ltr'>risus.</span> 
     </span>
     <span class='ocr_line' id='line_1_5' title="bbox 270 461 1154 515; baseline -0.001 -13"><span class='ocrx_word' id='word_1_23' title='bbox 270 461 350 502; x_wconf 92' lang='lat' dir='ltr'>illis</span> <span class='ocrx_word' id='word_1_24' title='bbox 370 475 468 502; x_wconf 86' lang='lat' dir='ltr'>cura</span> <span class='ocrx_word' id='word_1_25' title='bbox 488 461 551 502; x_wconf 89' lang='lat' dir='ltr'>sui</span> <span class='ocrx_word' id='word_1_26' title='bbox 571 461 709 502; x_wconf 88' lang='lat' dir='ltr'>cultus</span> <span class='ocrx_word' id='word_1_27' title='bbox 728 461 961 515; x_wconf 74' lang='lat' dir='ltr'>frontisque</span> <span class='ocrx_word' id='word_1_28' title='bbox 981 461 1154 501; x_wconf 84' lang='lat' dir='ltr'>decorae</span> 
     </span>
     <span class='ocr_line' id='line_1_6' title="bbox 272 533 1313 589; baseline -0.002 -13"><span class='ocrx_word' id='word_1_29' title='bbox 272 549 434 589; x_wconf 87' lang='lat' dir='ltr'>semper</span> <span class='ocrx_word' id='word_1_30' title='bbox 453 535 531 575; x_wconf 85' lang='lat' dir='ltr'>erit</span> <span class='ocrx_word' id='word_1_31' title='bbox 551 549 558 575; x_wconf 91' lang='lat'>:</span> <span class='ocrx_word' id='word_1_32' title='bbox 595 539 730 576; x_wconf 87' lang='lat' dir='ltr'>tortos</span> <span class='ocrx_word' id='word_1_33' title='bbox 749 535 793 575; x_wconf 90' lang='lat' dir='ltr'>in</span> <span class='ocrx_word' id='word_1_34' title='bbox 811 534 989 575; x_wconf 89' lang='lat' dir='ltr'>fluctum</span> <span class='ocrx_word' id='word_1_35' title='bbox 1008 549 1161 588; x_wconf 89' lang='lat' dir='ltr'>ponere</span> <span class='ocrx_word' id='word_1_36' title='bbox 1181 533 1313 574; x_wconf 87' lang='lat' dir='ltr'>crines</span> 
     </span>
     <span class='ocr_line' id='line_1_7' title="bbox 271 608 1274 650; baseline -0.002 0"><span class='ocrx_word' id='word_1_37' title='bbox 271 614 347 650; x_wconf 89' lang='lat' dir='ltr'>aut</span> <span class='ocrx_word' id='word_1_38' title='bbox 365 609 512 650; x_wconf 87' lang='lat' dir='ltr'>uinclis</span> <span class='ocrx_word' id='word_1_39' title='bbox 531 623 726 650; x_wconf 90' lang='lat' dir='ltr'>reuocare</span> <span class='ocrx_word' id='word_1_40' title='bbox 746 623 887 649; x_wconf 88' lang='lat' dir='ltr'>comas</span> <span class='ocrx_word' id='word_1_41' title='bbox 907 614 950 650; x_wconf 89' lang='lat' dir='ltr'>et</span> <span class='ocrx_word' id='word_1_42' title='bbox 969 608 1125 650; x_wconf 90' lang='lat' dir='ltr'>uertice</span> <span class='ocrx_word' id='word_1_43' title='bbox 1145 608 1274 649; x_wconf 89' lang='lat' dir='ltr'>denso</span> 
     </span>
     <span class='ocr_line' id='line_1_8' title="bbox 271 682 1245 738; baseline -0.002 -14"><span class='ocrx_word' id='word_1_44' title='bbox 271 684 423 737; x_wconf 88' lang='lat' dir='ltr'>fingere</span> <span class='ocrx_word' id='word_1_45' title='bbox 443 688 486 724; x_wconf 89' lang='lat' dir='ltr'>et</span> <span class='ocrx_word' id='word_1_46' title='bbox 506 683 709 738; x_wconf 83' lang='lat' dir='ltr'>adpositis</span> <span class='ocrx_word' id='word_1_47' title='bbox 729 688 858 737; x_wconf 89' lang='lat' dir='ltr'>caput</span> <span class='ocrx_word' id='word_1_48' title='bbox 877 687 1066 724; x_wconf 89' lang='lat' dir='ltr'>emutare</span> <span class='ocrx_word' id='word_1_49' title='bbox 1085 682 1245 737; x_wconf 88' lang='lat' dir='ltr'>capillis</span> 
     </span>
     <span class='ocr_line' id='line_1_9' title="bbox 152 755 1313 812; baseline 0.002 -17"><span class='ocrx_word' id='word_1_50' title='bbox 152 765 218 796; x_wconf 86' lang='lat'>150</span> <span class='ocrx_word' id='word_1_51' title='bbox 271 757 589 812; x_wconf 85' lang='lat' dir='ltr'>pumicibusque</span> <span class='ocrx_word' id='word_1_52' title='bbox 609 757 723 798; x_wconf 90' lang='lat' dir='ltr'>cauis</span> <span class='ocrx_word' id='word_1_53' title='bbox 743 757 956 798; x_wconf 84' lang='lat' dir='ltr'>horrentia</span> <span class='ocrx_word' id='word_1_54' title='bbox 975 756 1164 798; x_wconf 87' lang='lat' dir='ltr'>membra</span> <span class='ocrx_word' id='word_1_55' title='bbox 1184 755 1313 810; x_wconf 80' lang='lat' dir='ltr'>polire</span> 
     </span>
     <span class='ocr_line' id='line_1_10' title="bbox 272 831 1334 886; baseline -0.002 -14"><span class='ocrx_word' id='word_1_56' title='bbox 272 837 400 886; x_wconf 88' lang='lat' dir='ltr'>atque</span> <span class='ocrx_word' id='word_1_57' title='bbox 420 831 554 872; x_wconf 91' lang='lat' dir='ltr'>odisse</span> <span class='ocrx_word' id='word_1_58' title='bbox 573 831 712 872; x_wconf 88' lang='lat' dir='ltr'>uirum</span> <span class='ocrx_word' id='word_1_59' title='bbox 730 831 958 886; x_wconf 88' lang='lat' dir='ltr'>teretisque</span> <span class='ocrx_word' id='word_1_60' title='bbox 978 836 1124 885; x_wconf 89' lang='lat' dir='ltr'>optare</span> <span class='ocrx_word' id='word_1_61' title='bbox 1144 831 1334 871; x_wconf 91' lang='lat' dir='ltr'>lacertos.</span> 
     </span>
    </p>
   </div>
   <div class='ocr_carea' id='block_1_3' title="bbox 110 978 1646 2870">
    <p class='ocr_par' dir='ltr' id='par_1_3' title="bbox 110 978 1646 2870">
     <span class='ocr_line' id='line_1_11' title="bbox 112 978 1639 1022; baseline -0.003 -8"><span class='ocrx_word' id='word_1_62' title='bbox 112 991 140 1014; x_wconf 92' lang='lat'>11</span> <span class='ocrx_word' id='word_1_63' title='bbox 172 984 247 1020; x_wconf 88' lang='grc'><strong>357,</strong></span> <span class='ocrx_word' id='word_1_64' title='bbox 282 991 319 1014; x_wconf 81' lang='lat' dir='ltr'>IV</span> <span class='ocrx_word' id='word_1_65' title='bbox 352 984 415 1014; x_wconf 86' lang='lat'>743</span> <span class='ocrx_word' id='word_1_66' title='bbox 507 985 658 1016; x_wconf 80' lang='lat'>142—156</span> <span class='ocrx_word' id='word_1_67' title='bbox 690 982 824 1014; x_wconf 82' lang='lat' dir='ltr'>faciunt</span> <span class='ocrx_word' id='word_1_68' title='bbox 858 982 993 1013; x_wconf 84' lang='lat' dir='ltr'>Pliades</span> <span class='ocrx_word' id='word_1_69' title='bbox 1026 982 1107 1013; x_wconf 85' lang='lat' dir='ltr'>uino</span> <span class='ocrx_word' id='word_1_70' title='bbox 1141 982 1326 1022; x_wconf 87' lang='lat' dir='ltr'>uenerique</span> <span class='ocrx_word' id='word_1_71' title='bbox 1357 980 1503 1016; x_wconf 82' lang='lat' dir='ltr'>deditos,</span> <span class='ocrx_word' id='word_1_72' title='bbox 1535 978 1639 1010; x_wconf 88' lang='lat' dir='ltr'>cauil-</span> 
     </span>
     <span class='ocr_line' id='line_1_12' title="bbox 111 1032 1639 1075; baseline -0.003 -10"><span class='ocrx_word' id='word_1_73' title='bbox 111 1034 248 1071; x_wconf 87' lang='lat' dir='ltr'>latores,</span> <span class='ocrx_word' id='word_1_74' title='bbox 272 1034 521 1065; x_wconf 77' lang='lat' dir='ltr'>munditiarum</span> <span class='ocrx_word' id='word_1_75' title='bbox 543 1044 666 1075; x_wconf 88' lang='lat' dir='ltr'>parum</span> <span class='ocrx_word' id='word_1_76' title='bbox 688 1033 838 1065; x_wconf 87' lang='lat' dir='ltr'>uirilium</span> <span class='ocrx_word' id='word_1_77' title='bbox 860 1034 1033 1065; x_wconf 88' lang='lat' dir='ltr'>studiosos</span> <span class='ocrx_word' id='word_1_78' title='bbox 1056 1037 1161 1074; x_wconf 87' lang='lat' dir='ltr'>atque</span> <span class='ocrx_word' id='word_1_79' title='bbox 1184 1033 1270 1064; x_wconf 88' lang='lat' dir='ltr'>adeo</span> <span class='ocrx_word' id='word_1_80' title='bbox 1292 1032 1519 1067; x_wconf 83' lang='lat' dir='ltr'>effeminatos,</span> <span class='ocrx_word' id='word_1_81' title='bbox 1543 1040 1639 1071; x_wconf 90' lang='lat' dir='ltr'>prae-</span> 
     </span>
     <span class='ocr_line' id='line_1_13' title="bbox 112 1081 1639 1125; baseline -0.003 -9"><span class='ocrx_word' id='word_1_82' title='bbox 112 1089 206 1117; x_wconf 88' lang='lat' dir='ltr'>terea</span> <span class='ocrx_word' id='word_1_83' title='bbox 237 1086 313 1116; x_wconf 84' lang='lat' dir='ltr'>uitii</span> <span class='ocrx_word' id='word_1_84' title='bbox 343 1085 396 1116; x_wconf 87' lang='lat' dir='ltr'>sui</span> <span class='ocrx_word' id='word_1_85' title='bbox 426 1088 666 1116; x_wconf 85' lang='lat' dir='ltr'>ostentatores.</span> <span class='ocrx_word' id='word_1_86' title='bbox 715 1085 794 1116; x_wconf 90' lang='lat' dir='ltr'>uide</span> <span class='ocrx_word' id='word_1_87' title='bbox 824 1095 913 1125; x_wconf 86' lang='lat' dir='ltr'>quae</span> <span class='ocrx_word' id='word_1_88' title='bbox 944 1085 986 1116; x_wconf 91' lang='lat' dir='ltr'>de</span> <span class='ocrx_word' id='word_1_89' title='bbox 1017 1085 1128 1125; x_wconf 85' lang='lat' dir='ltr'>prima</span> <span class='ocrx_word' id='word_1_90' title='bbox 1159 1088 1257 1125; x_wconf 86' lang='lat' dir='ltr'>parte</span> <span class='ocrx_word' id='word_1_91' title='bbox 1288 1083 1451 1124; x_wconf 90' lang='lat' dir='ltr'>primisue</span> <span class='ocrx_word' id='word_1_92' title='bbox 1481 1081 1639 1123; x_wconf 85' lang='lat' dir='ltr'>partibus</span> 
     </span>
     <span class='ocr_line' id='line_1_14' title="bbox 112 1133 1637 1177; baseline -0.003 -10"><span class='ocrx_word' id='word_1_93' title='bbox 112 1137 216 1168; x_wconf 86' lang='lat' dir='ltr'>Tauri</span> <span class='ocrx_word' id='word_1_94' title='bbox 246 1136 382 1167; x_wconf 86' lang='lat' dir='ltr'>Pliadas</span> <span class='ocrx_word' id='word_1_95' title='bbox 411 1140 572 1167; x_wconf 80' lang='lat' dir='ltr'>causatus</span> <span class='ocrx_word' id='word_1_96' title='bbox 601 1136 747 1167; x_wconf 84' lang='lat' dir='ltr'>tradidit</span> <span class='ocrx_word' id='word_1_97' title='bbox 776 1145 814 1167; x_wconf 85' lang='lat' dir='ltr'>IV</span> <span class='ocrx_word' id='word_1_98' title='bbox 843 1137 907 1167; x_wconf 90' lang='lat'>518</span> <span class='ocrx_word' id='word_1_99' title='bbox 936 1146 1010 1177; x_wconf 86' lang='lat' dir='ltr'>sqq.</span> <span class='ocrx_word' id='word_1_100' title='bbox 1041 1136 1157 1176; x_wconf 89' lang='lat' dir='ltr'>ibique</span> <span class='ocrx_word' id='word_1_101' title='bbox 1187 1135 1366 1166; x_wconf 88' lang='lat' dir='ltr'>adnotata.</span> <span class='ocrx_word' id='word_1_102' title='bbox 1415 1134 1504 1164; x_wconf 88' lang='lat' dir='ltr'>adde</span> <span class='ocrx_word' id='word_1_103' title='bbox 1533 1133 1637 1163; x_wconf 83' lang='lat' dir='ltr'>Firm.</span> 
     </span>
     <span class='ocr_line' id='line_1_15' title="bbox 113 1183 1641 1227; baseline -0.003 -8"><span class='ocrx_word' id='word_1_104' title='bbox 113 1197 179 1219; x_wconf 87' lang='lat' dir='ltr'>V111</span> <span class='ocrx_word' id='word_1_105' title='bbox 202 1189 243 1220; x_wconf 85' lang='lat'>20</span> <span class='ocrx_word' id='word_1_106' title='bbox 265 1189 285 1218; x_wconf 84' lang='lat'>2</span> <span class='ocrx_word' id='word_1_107' title='bbox 309 1187 346 1218; x_wconf 84' lang='lat' dir='ltr'>in</span> <span class='ocrx_word' id='word_1_108' title='bbox 365 1191 459 1227; x_wconf 84' lang='lat' dir='ltr'>parte</span> <span class='ocrx_word' id='word_1_109' title='bbox 486 1192 530 1218; x_wconf 89' lang='lat' dir='ltr'>VI</span> <span class='ocrx_word' id='word_1_110' title='bbox 556 1187 664 1218; x_wconf 80' lang='lat' dir='ltr'>Tauri</span> <span class='ocrx_word' id='word_1_111' title='bbox 685 1187 880 1227; x_wconf 78' lang='lat' dir='ltr'>quicumque</span> <span class='ocrx_word' id='word_1_112' title='bbox 902 1187 1074 1219; x_wconf 74' lang='lat' dir='ltr'>habuerint</span> <span class='ocrx_word' id='word_1_113' title='bbox 1097 1187 1321 1226; x_wconf 75' lang='lat' dir='ltr'>horoscopum,</span> <span class='ocrx_word' id='word_1_114' title='bbox 1339 1189 1433 1217; x_wconf 88' lang='lat' dir='ltr'>erunt</span> <span class='ocrx_word' id='word_1_115' title='bbox 1455 1183 1580 1220; x_wconf 79' lang='lat' dir='ltr'>exoleti,</span> <span class='ocrx_word' id='word_1_116' title='bbox 1598 1183 1641 1214; x_wconf 87' lang='lat' dir='ltr'>ad</span> 
     </span>
     <span class='ocr_line' id='line_1_16' title="bbox 111 1236 1641 1278; baseline -0.004 -8"><span class='ocrx_word' id='word_1_117' title='bbox 111 1250 206 1270; x_wconf 88' lang='lat' dir='ltr'>omne</span> <span class='ocrx_word' id='word_1_118' title='bbox 233 1239 357 1269; x_wconf 83' lang='lat' dir='ltr'>uitium</span> <span class='ocrx_word' id='word_1_119' title='bbox 385 1238 581 1278; x_wconf 77' lang='lat' dir='ltr'>inpuritatis</span> <span class='ocrx_word' id='word_1_120' title='bbox 608 1239 782 1278; x_wconf 82' lang='lat' dir='ltr'>applicati,</span> <span class='ocrx_word' id='word_1_121' title='bbox 811 1239 984 1270; x_wconf 74' lang='lat' dir='ltr'>reurnatici</span> <span class='ocrx_word' id='word_1_122' title='bbox 1011 1238 1153 1275; x_wconf 78' lang='lat' dir='ltr'>cinaedi,</span> <span class='ocrx_word' id='word_1_123' title='bbox 1182 1238 1238 1269; x_wconf 76' lang='lat' dir='ltr'>sed</span> <span class='ocrx_word' id='word_1_124' title='bbox 1265 1248 1345 1278; x_wconf 77' lang='lat' dir='ltr'>quos</span> <span class='ocrx_word' id='word_1_125' title='bbox 1372 1236 1486 1277; x_wconf 75' lang='lat' dir='ltr'>qrauis</span> <span class='ocrx_word' id='word_1_126' title='bbox 1514 1245 1641 1274; x_wconf 79' lang='lat' dir='ltr'>semper</span> 
     </span>
     <span class='ocr_line' id='line_1_17' title="bbox 110 1285 1641 1331; baseline -0.003 -9"><span class='ocrx_word' id='word_1_127' title='bbox 110 1291 218 1330; x_wconf 77' lang='lat' dir='ltr'>pulset</span> <span class='ocrx_word' id='word_1_128' title='bbox 241 1290 386 1331; x_wconf 78' lang='lat' dir='ltr'>infamia</span> <span class='ocrx_word' id='word_1_129' title='bbox 478 1292 540 1322; x_wconf 88' lang='lat'>143</span> <span class='ocrx_word' id='word_1_130' title='bbox 562 1290 707 1321; x_wconf 83' lang='lat' dir='ltr'>eduntur</span> <span class='ocrx_word' id='word_1_131' title='bbox 728 1290 886 1331; x_wconf 82' lang='lat' dir='ltr'>Scaliger,</span> <span class='ocrx_word' id='word_1_132' title='bbox 905 1290 1053 1321; x_wconf 86' lang='lat' dir='ltr'>educunt</span> <span class='ocrx_word' id='word_1_133' title='bbox 1074 1290 1151 1320; x_wconf 89' lang='lat' dir='ltr'>libri</span> <span class='ocrx_word' id='word_1_134' title='bbox 1241 1297 1401 1329; x_wconf 86' lang='lat' dir='ltr'>sequaces</span> <span class='ocrx_word' id='word_1_135' title='bbox 1419 1288 1470 1326; x_wconf 81' lang='lat' dir='ltr'>L2,</span> <span class='ocrx_word' id='word_1_136' title='bbox 1488 1285 1641 1327; x_wconf 85' lang='lat' dir='ltr'>sequacis</span> 
     </span>
     <span class='ocr_line' id='line_1_18' title="bbox 114 1337 1641 1383; baseline -0.003 -10"><span class='ocrx_word' id='word_1_137' title='bbox 114 1341 204 1373; x_wconf 91' lang='lat' dir='ltr'>GLM</span> <span class='ocrx_word' id='word_1_138' title='bbox 233 1345 373 1383; x_wconf 87' lang='lat' dir='ltr'>propter</span> <span class='ocrx_word' id='word_1_139' title='bbox 402 1341 532 1372; x_wconf 80' lang='lat' dir='ltr'>ueneris</span> <span class='ocrx_word' id='word_1_140' title='bbox 623 1344 686 1374; x_wconf 89' lang='lat'>145</span> <span class='ocrx_word' id='word_1_141' title='bbox 716 1341 867 1372; x_wconf 88' lang='lat' dir='ltr'>mordaci</span> <span class='ocrx_word' id='word_1_142' title='bbox 896 1341 934 1380; x_wconf 89' lang='lat' dir='ltr'>G,</span> <span class='ocrx_word' id='word_1_143' title='bbox 965 1341 1133 1372; x_wconf 88' lang='lat' dir='ltr'>mordacis</span> <span class='ocrx_word' id='word_1_144' title='bbox 1162 1340 1225 1372; x_wconf 85' lang='lat' dir='ltr'>LM</span> <span class='ocrx_word' id='word_1_145' title='bbox 1317 1342 1380 1372; x_wconf 88' lang='grc'>146</span> <span class='ocrx_word' id='word_1_146' title='bbox 1408 1338 1530 1370; x_wconf 85' lang='lat' dir='ltr'>frontis</span> <span class='ocrx_word' id='word_1_147' title='bbox 1560 1337 1641 1375; x_wconf 80' lang='lat' dir='ltr'>GL2,</span> 
     </span>
     <span class='ocr_line' id='line_1_19' title="bbox 111 1387 1643 1431; baseline -0.003 -7"><span class='ocrx_word' id='word_1_148' title='bbox 111 1392 241 1425; x_wconf 82' lang='lat' dir='ltr'>frocitis</span> <span class='ocrx_word' id='word_1_149' title='bbox 262 1393 308 1431; x_wconf 88' lang='lat' dir='ltr'>M,</span> <span class='ocrx_word' id='word_1_150' title='bbox 329 1392 426 1424; x_wconf 83' lang='lat' dir='ltr'>fortis</span> <span class='ocrx_word' id='word_1_151' title='bbox 448 1392 473 1424; x_wconf 90' lang='lat' dir='ltr'>L</span> <span class='ocrx_word' id='word_1_152' title='bbox 494 1393 568 1423; x_wconf 86' lang='lat' dir='ltr'>cod.</span> <span class='ocrx_word' id='word_1_153' title='bbox 592 1393 744 1424; x_wconf 88' lang='lat' dir='ltr'>Venetus</span> <span class='ocrx_word' id='word_1_154' title='bbox 834 1392 975 1424; x_wconf 86' lang='lat' dir='ltr'>decorae</span> <span class='ocrx_word' id='word_1_155' title='bbox 997 1392 1048 1431; x_wconf 84' lang='lat' dir='ltr'>L2,</span> <span class='ocrx_word' id='word_1_156' title='bbox 1071 1392 1211 1424; x_wconf 87' lang='lat' dir='ltr'>decorde</span> <span class='ocrx_word' id='word_1_157' title='bbox 1233 1391 1306 1430; x_wconf 89' lang='lat' dir='ltr'>LM,</span> <span class='ocrx_word' id='word_1_158' title='bbox 1329 1391 1447 1422; x_wconf 87' lang='lat' dir='ltr'>decore</span> <span class='ocrx_word' id='word_1_159' title='bbox 1470 1389 1507 1428; x_wconf 88' lang='lat' dir='ltr'>G,</span> <span class='ocrx_word' id='word_1_160' title='bbox 1530 1387 1643 1420; x_wconf 88' lang='lat' dir='ltr'>decori</span> 
     </span>
     <span class='ocr_line' id='line_1_20' title="bbox 113 1440 1641 1484; baseline -0.003 -9"><span class='ocrx_word' id='word_1_161' title='bbox 113 1444 187 1475; x_wconf 90' lang='lat' dir='ltr'>cod.</span> <span class='ocrx_word' id='word_1_162' title='bbox 223 1444 374 1475; x_wconf 84' lang='lat' dir='ltr'>Venetus</span> <span class='ocrx_word' id='word_1_163' title='bbox 465 1447 616 1477; x_wconf 77' lang='lat'>147-149</span> <span class='ocrx_word' id='word_1_164' title='bbox 648 1444 770 1484; x_wconf 85' lang='lat' dir='ltr'>respici</span> <span class='ocrx_word' id='word_1_165' title='bbox 803 1444 941 1475; x_wconf 86' lang='lat' dir='ltr'>uidetur</span> <span class='ocrx_word' id='word_1_166' title='bbox 973 1444 1017 1475; x_wconf 85' lang='lat' dir='ltr'>ad</span> <span class='ocrx_word' id='word_1_167' title='bbox 1052 1444 1211 1475; x_wconf 82' lang='lat' dir='ltr'>Pliadum</span> <span class='ocrx_word' id='word_1_168' title='bbox 1244 1443 1429 1483; x_wconf 84' lang='lat' dir='ltr'>imaginem</span> <span class='ocrx_word' id='word_1_169' title='bbox 1462 1440 1574 1481; x_wconf 87' lang='lat' dir='ltr'>qualis</span> <span class='ocrx_word' id='word_1_170' title='bbox 1606 1440 1641 1470; x_wconf 90' lang='lat' dir='ltr'>in</span> 
     </span>
     <span class='ocr_line' id='line_1_21' title="bbox 113 1491 1642 1532; baseline -0.003 -6"><span class='ocrx_word' id='word_1_171' title='bbox 113 1495 331 1527; x_wconf 88' lang='lat' dir='ltr'>celeberrimo</span> <span class='ocrx_word' id='word_1_172' title='bbox 352 1495 545 1526; x_wconf 82' lang='lat' dir='ltr'>Germanici</span> <span class='ocrx_word' id='word_1_173' title='bbox 565 1495 680 1526; x_wconf 85' lang='lat' dir='ltr'>codice</span> <span class='ocrx_word' id='word_1_174' title='bbox 701 1495 858 1526; x_wconf 85' lang='lat' dir='ltr'>Leidensi</span> <span class='ocrx_word' id='word_1_175' title='bbox 879 1495 974 1526; x_wconf 88' lang='lat' dir='ltr'>Voss.</span> <span class='ocrx_word' id='word_1_176' title='bbox 998 1494 1078 1532; x_wconf 82' lang='lat' dir='ltr'>L.Q.</span> <span class='ocrx_word' id='word_1_177' title='bbox 1099 1495 1140 1525; x_wconf 89' lang='lat'>79</span> <span class='ocrx_word' id='word_1_178' title='bbox 1160 1494 1309 1526; x_wconf 90' lang='lat' dir='ltr'>habetur</span> <span class='ocrx_word' id='word_1_179' title='bbox 1323 1493 1383 1525; x_wconf 85' lang='lat' dir='ltr'>fol.</span> <span class='ocrx_word' id='word_1_180' title='bbox 1400 1494 1453 1529; x_wconf 85' lang='lat'>42,</span> <span class='ocrx_word' id='word_1_181' title='bbox 1471 1492 1531 1523; x_wconf 89' lang='lat' dir='ltr'>ubi</span> <span class='ocrx_word' id='word_1_182' title='bbox 1547 1491 1642 1532; x_wconf 86' lang='lat' dir='ltr'>picta</span> 
     </span>
     <span class='ocr_line' id='line_1_22' title="bbox 112 1543 1642 1587; baseline -0.003 -10"><span class='ocrx_word' id='word_1_183' title='bbox 112 1550 194 1578; x_wconf 88' lang='lat' dir='ltr'>sunt</span> <span class='ocrx_word' id='word_1_184' title='bbox 206 1550 337 1587; x_wconf 89' lang='lat' dir='ltr'>septem</span> <span class='ocrx_word' id='word_1_185' title='bbox 350 1545 541 1587; x_wconf 87' lang='lat' dir='ltr'>puellarum</span> <span class='ocrx_word' id='word_1_186' title='bbox 554 1546 669 1587; x_wconf 88' lang='lat' dir='ltr'>capita</span> <span class='ocrx_word' id='word_1_187' title='bbox 682 1556 821 1586; x_wconf 87' lang='lat' dir='ltr'>operose</span> <span class='ocrx_word' id='word_1_188' title='bbox 833 1546 980 1587; x_wconf 89' lang='lat' dir='ltr'>comptis</span> <span class='ocrx_word' id='word_1_189' title='bbox 993 1545 1153 1582; x_wconf 85' lang='lat' dir='ltr'>crinibus,</span> <span class='ocrx_word' id='word_1_190' title='bbox 1165 1546 1253 1577; x_wconf 92' lang='lat' dir='ltr'>sicut</span> <span class='ocrx_word' id='word_1_191' title='bbox 1265 1546 1360 1586; x_wconf 86' lang='lat' dir='ltr'>ipsae</span> <span class='ocrx_word' id='word_1_192' title='bbox 1372 1543 1490 1575; x_wconf 87' lang='lat' dir='ltr'>stellae</span> <span class='ocrx_word' id='word_1_193' title='bbox 1503 1543 1642 1581; x_wconf 79' lang='grc' dir='ltr'>κεφαλαὶ</span> 
     </span>
     <span class='ocr_line' id='line_1_23' title="bbox 114 1593 1642 1638; baseline -0.003 -10"><span class='ocrx_word' id='word_1_194' title='bbox 114 1599 196 1629; x_wconf 80' lang='grc' dir='ltr'>ἑπτά</span> <span class='ocrx_word' id='word_1_195' title='bbox 211 1597 430 1638; x_wconf 83' lang='lat' dir='ltr'>appellantur</span> <span class='ocrx_word' id='word_1_196' title='bbox 448 1597 483 1628; x_wconf 92' lang='lat' dir='ltr'>in</span> <span class='ocrx_word' id='word_1_197' title='bbox 499 1597 573 1628; x_wconf 91' lang='lat' dir='ltr'>cod.</span> <span class='ocrx_word' id='word_1_198' title='bbox 593 1597 668 1628; x_wconf 82' lang='lat' dir='ltr'>Par.</span> <span class='ocrx_word' id='word_1_199' title='bbox 687 1597 744 1628; x_wconf 87' lang='lat' dir='ltr'>Gr.</span> <span class='ocrx_word' id='word_1_200' title='bbox 762 1598 848 1628; x_wconf 77' lang='lat'>2425</span> <span class='ocrx_word' id='word_1_201' title='bbox 864 1597 923 1628; x_wconf 83' lang='lat' dir='ltr'>fol.</span> <span class='ocrx_word' id='word_1_202' title='bbox 943 1598 1015 1628; x_wconf 85' lang='grc'><strong>162.</strong></span> <span class='ocrx_word' id='word_1_203' title='bbox 1064 1597 1143 1628; x_wconf 85' lang='lat' dir='ltr'>uide</span> <span class='ocrx_word' id='word_1_204' title='bbox 1159 1596 1262 1627; x_wconf 88' lang='lat' dir='ltr'>Firm.</span> <span class='ocrx_word' id='word_1_205' title='bbox 1280 1606 1343 1627; x_wconf 90' lang='lat' dir='ltr'>err.</span> <span class='ocrx_word' id='word_1_206' title='bbox 1361 1597 1381 1626; x_wconf 86' lang='lat'>4</span> <span class='ocrx_word' id='word_1_207' title='bbox 1398 1596 1417 1626; x_wconf 90' lang='grc'>2</span> <span class='ocrx_word' id='word_1_208' title='bbox 1434 1595 1475 1625; x_wconf 89' lang='lat' dir='ltr'>de</span> <span class='ocrx_word' id='word_1_209' title='bbox 1492 1593 1642 1625; x_wconf 88' lang='lat' dir='ltr'>cinaedis</span> 
     </span>
     <span class='ocr_line' id='line_1_24' title="bbox 113 1646 1641 1689; baseline -0.004 -9"><span class='ocrx_word' id='word_1_210' title='bbox 113 1652 270 1680; x_wconf 75' lang='lat' dir='ltr'>exornant</span> <span class='ocrx_word' id='word_1_211' title='bbox 287 1647 486 1679; x_wconf 77' lang='lat' dir='ltr'>muliebriter</span> <span class='ocrx_word' id='word_1_212' title='bbox 502 1648 644 1679; x_wconf 80' lang='lat' dir='ltr'>nutritos</span> <span class='ocrx_word' id='word_1_213' title='bbox 660 1648 767 1679; x_wconf 78' lang='lat' dir='ltr'>crines</span> <span class='ocrx_word' id='word_1_214' title='bbox 859 1651 922 1681; x_wconf 85' lang='lat'>147</span> <span class='ocrx_word' id='word_1_215' title='bbox 939 1652 1036 1679; x_wconf 78' lang='lat' dir='ltr'>tortos</span> <span class='ocrx_word' id='word_1_216' title='bbox 1053 1647 1090 1679; x_wconf 88' lang='lat' dir='ltr'>in</span> <span class='ocrx_word' id='word_1_217' title='bbox 1101 1648 1254 1689; x_wconf 85' lang='lat' dir='ltr'>fluctum,</span> <span class='ocrx_word' id='word_1_218' title='bbox 1273 1647 1433 1678; x_wconf 87' lang='lat' dir='ltr'>undatim</span> <span class='ocrx_word' id='word_1_219' title='bbox 1451 1646 1618 1686; x_wconf 87' lang='lat' dir='ltr'>crispatos</span> <span class='ocrx_word' id='word_1_220' title='bbox 1635 1656 1641 1674; x_wconf 91' lang='lat'>:</span> 
     </span>
     <span class='ocr_line' id='line_1_25' title="bbox 114 1695 1643 1739; baseline -0.004 -8"><span class='ocrx_word' id='word_1_221' title='bbox 114 1700 213 1731; x_wconf 88' lang='lat' dir='ltr'>Ouid.</span> <span class='ocrx_word' id='word_1_222' title='bbox 238 1703 302 1730; x_wconf 90' lang='lat' dir='ltr'>art.</span> <span class='ocrx_word' id='word_1_223' title='bbox 328 1707 370 1729; x_wconf 90' lang='lat'>111</span> <span class='ocrx_word' id='word_1_224' title='bbox 395 1700 456 1730; x_wconf 84' lang='lat'>148</span> <span class='ocrx_word' id='word_1_225' title='bbox 478 1699 638 1729; x_wconf 75' lang='lat' dir='ltr'>sustineat</span> <span class='ocrx_word' id='word_1_226' title='bbox 660 1698 786 1729; x_wconf 76' lang='lat' dir='ltr'>similes</span> <span class='ocrx_word' id='word_1_227' title='bbox 802 1699 962 1739; x_wconf 78' lang='lat' dir='ltr'>fluctibus</span> <span class='ocrx_word' id='word_1_228' title='bbox 985 1699 1044 1730; x_wconf 86' lang='lat' dir='ltr'>illa</span> <span class='ocrx_word' id='word_1_229' title='bbox 1065 1699 1162 1729; x_wconf 74' lang='lat' dir='ltr'>sinus</span> <span class='ocrx_word' id='word_1_230' title='bbox 1255 1700 1317 1731; x_wconf 83' lang='lat'>148</span> <span class='ocrx_word' id='word_1_231' title='bbox 1339 1696 1460 1728; x_wconf 82' lang='lat' dir='ltr'>uinclis</span> <span class='ocrx_word' id='word_1_232' title='bbox 1483 1695 1643 1736; x_wconf 85' lang='lat' dir='ltr'>Scaliger,</span> 
     </span>
     <span class='ocr_line' id='line_1_26' title="bbox 113 1749 1643 1791; baseline -0.003 -10"><span class='ocrx_word' id='word_1_233' title='bbox 113 1751 205 1791; x_wconf 89' lang='lat' dir='ltr'>quod</span> <span class='ocrx_word' id='word_1_234' title='bbox 232 1750 379 1781; x_wconf 87' lang='lat' dir='ltr'>uoluisse</span> <span class='ocrx_word' id='word_1_235' title='bbox 407 1750 544 1781; x_wconf 86' lang='lat' dir='ltr'>uidetur</span> <span class='ocrx_word' id='word_1_236' title='bbox 571 1750 666 1781; x_wconf 82' lang='lat' dir='ltr'>Voss.</span> <span class='ocrx_word' id='word_1_237' title='bbox 694 1751 722 1786; x_wconf 95' lang='lat'>1,</span> <span class='ocrx_word' id='word_1_238' title='bbox 746 1749 845 1781; x_wconf 86' lang='lat' dir='ltr'>undis</span> <span class='ocrx_word' id='word_1_239' title='bbox 872 1749 974 1788; x_wconf 87' lang='lat' dir='ltr'>GLM,</span> <span class='ocrx_word' id='word_1_240' title='bbox 998 1750 1095 1781; x_wconf 79' lang='lat' dir='ltr'>nodis</span> <span class='ocrx_word' id='word_1_241' title='bbox 1121 1749 1270 1790; x_wconf 80' lang='lat' dir='ltr'>Scaliger</span> <span class='ocrx_word' id='word_1_242' title='bbox 1295 1749 1347 1779; x_wconf 84' lang='lat' dir='ltr'>ed.</span> <span class='ocrx_word' id='word_1_243' title='bbox 1375 1750 1388 1779; x_wconf 96' lang='lat'>1</span> <span class='ocrx_word' id='word_1_244' title='bbox 1482 1754 1643 1778; x_wconf 84' lang='lat' dir='ltr'>reuocare</span> 
     </span>
     <span class='ocr_line' id='line_1_27' title="bbox 113 1797 1643 1842; baseline -0.003 -10"><span class='ocrx_word' id='word_1_245' title='bbox 113 1801 193 1840; x_wconf 83' lang='lat' dir='ltr'>GL2,</span> <span class='ocrx_word' id='word_1_246' title='bbox 224 1810 406 1842; x_wconf 88' lang='lat' dir='ltr'>peruocare</span> <span class='ocrx_word' id='word_1_247' title='bbox 436 1801 498 1832; x_wconf 87' lang='lat' dir='ltr'>LM</span> <span class='ocrx_word' id='word_1_248' title='bbox 588 1800 708 1831; x_wconf 86' lang='lat' dir='ltr'>uinclis</span> <span class='ocrx_word' id='word_1_249' title='bbox 743 1804 925 1832; x_wconf 85' lang='lat' dir='ltr'>reuocatae</span> <span class='ocrx_word' id='word_1_250' title='bbox 959 1804 995 1832; x_wconf 84' lang='lat' dir='ltr'>et</span> <span class='ocrx_word' id='word_1_251' title='bbox 1028 1802 1157 1832; x_wconf 88' lang='lat' dir='ltr'>uertice</span> <span class='ocrx_word' id='word_1_252' title='bbox 1191 1801 1297 1831; x_wconf 91' lang='lat' dir='ltr'>denso</span> <span class='ocrx_word' id='word_1_253' title='bbox 1327 1799 1428 1830; x_wconf 86' lang='lat' dir='ltr'>fictae</span> <span class='ocrx_word' id='word_1_254' title='bbox 1459 1808 1577 1829; x_wconf 89' lang='lat' dir='ltr'>comae</span> <span class='ocrx_word' id='word_1_255' title='bbox 1608 1797 1643 1828; x_wconf 92' lang='lat' dir='ltr'>in</span> 
     </span>
     <span class='ocr_line' id='line_1_28' title="bbox 115 1850 1643 1894; baseline -0.003 -11"><span class='ocrx_word' id='word_1_256' title='bbox 115 1852 271 1894; x_wconf 87' lang='lat' dir='ltr'>Apolline</span> <span class='ocrx_word' id='word_1_257' title='bbox 298 1853 357 1893; x_wconf 92' lang='lat' dir='ltr'>qui</span> <span class='ocrx_word' id='word_1_258' title='bbox 386 1851 571 1883; x_wconf 80' lang='lat' dir='ltr'>Beluedere</span> <span class='ocrx_word' id='word_1_259' title='bbox 598 1855 744 1883; x_wconf 88' lang='lat' dir='ltr'>uocatur</span> <span class='ocrx_word' id='word_1_260' title='bbox 770 1853 1029 1893; x_wconf 86' lang='lat' dir='ltr'>conspiciuntur</span> <span class='ocrx_word' id='word_1_261' title='bbox 1121 1855 1183 1885; x_wconf 84' lang='lat'>149</span> <span class='ocrx_word' id='word_1_262' title='bbox 1210 1853 1362 1882; x_wconf 83' lang='lat' dir='ltr'>emutare</span> <span class='ocrx_word' id='word_1_263' title='bbox 1390 1850 1455 1888; x_wconf 90' lang='lat' dir='ltr'>GL,</span> <span class='ocrx_word' id='word_1_264' title='bbox 1483 1850 1643 1881; x_wconf 81' lang='lat' dir='ltr'>enuctare</span> 
     </span>
     <span class='ocr_line' id='line_1_29' title="bbox 113 1900 1644 1943; baseline -0.004 -8"><span class='ocrx_word' id='word_1_265' title='bbox 113 1904 171 1935; x_wconf 81' lang='lat' dir='ltr'>M:</span> <span class='ocrx_word' id='word_1_266' title='bbox 203 1908 323 1935; x_wconf 88' lang='lat' dir='ltr'>contra</span> <span class='ocrx_word' id='word_1_267' title='bbox 341 1912 383 1934; x_wconf 92' lang='lat'>111</span> <span class='ocrx_word' id='word_1_268' title='bbox 401 1904 463 1934; x_wconf 87' lang='grc'>623</span> <span class='ocrx_word' id='word_1_269' title='bbox 482 1907 627 1934; x_wconf 84' lang='lat' dir='ltr'>emutant</span> <span class='ocrx_word' id='word_1_270' title='bbox 644 1903 690 1940; x_wconf 85' lang='lat' dir='ltr'>M,</span> <span class='ocrx_word' id='word_1_271' title='bbox 709 1903 859 1934; x_wconf 82' lang='lat' dir='ltr'>emittunt</span> <span class='ocrx_word' id='word_1_272' title='bbox 877 1903 940 1934; x_wconf 88' lang='lat' dir='ltr'>GL.</span> <span class='ocrx_word' id='word_1_273' title='bbox 990 1903 1083 1935; x_wconf 87' lang='lat' dir='ltr'>Suet.</span> <span class='ocrx_word' id='word_1_274' title='bbox 1105 1903 1184 1935; x_wconf 92' lang='lat' dir='ltr'>Oth.</span> <span class='ocrx_word' id='word_1_275' title='bbox 1207 1904 1246 1934; x_wconf 84' lang='lat'>12</span> <span class='ocrx_word' id='word_1_276' title='bbox 1267 1905 1281 1934; x_wconf 94' lang='lat'>1</span> <span class='ocrx_word' id='word_1_277' title='bbox 1295 1902 1406 1943; x_wconf 78' lang='lat' dir='ltr'>fuisse</span> <span class='ocrx_word' id='word_1_278' title='bbox 1423 1925 1430 1932; x_wconf 84' lang='lat'>.</span> <span class='ocrx_word' id='word_1_279' title='bbox 1450 1925 1456 1932; x_wconf 89' lang='lat'>.</span> <span class='ocrx_word' id='word_1_280' title='bbox 1477 1925 1484 1931; x_wconf 86' lang='lat'>.</span> <span class='ocrx_word' id='word_1_281' title='bbox 1503 1900 1644 1931; x_wconf 83' lang='lat' dir='ltr'>traditur</span> 
     </span>
     <span class='ocr_line' id='line_1_30' title="bbox 114 1952 1645 1994; baseline -0.003 -8"><span class='ocrx_word' id='word_1_282' title='bbox 114 1955 357 1986; x_wconf 81' lang='lat' dir='ltr'>munditiarum</span> <span class='ocrx_word' id='word_1_283' title='bbox 375 1979 381 1985; x_wconf 90' lang='lat'>.</span> <span class='ocrx_word' id='word_1_284' title='bbox 401 1978 408 1985; x_wconf 87' lang='lat'>.</span> <span class='ocrx_word' id='word_1_285' title='bbox 429 1979 435 1984; x_wconf 95' lang='lat'>.</span> <span class='ocrx_word' id='word_1_286' title='bbox 452 1964 558 1994; x_wconf 89' lang='lat' dir='ltr'>paene</span> <span class='ocrx_word' id='word_1_287' title='bbox 593 1954 815 1991; x_wconf 82' lang='lat' dir='ltr'>muliebrium,</span> <span class='ocrx_word' id='word_1_288' title='bbox 852 1954 948 1985; x_wconf 74' lang='lat' dir='ltr'>uulso</span> <span class='ocrx_word' id='word_1_289' title='bbox 984 1965 1126 1994; x_wconf 86' lang='lat' dir='ltr'>corpore,</span> <span class='ocrx_word' id='word_1_290' title='bbox 1162 1954 1338 1994; x_wconf 75' lang='lat' dir='ltr'>qalericulo</span> <span class='ocrx_word' id='word_1_291' title='bbox 1373 1952 1478 1993; x_wconf 82' lang='lat' dir='ltr'>capiti</span> <span class='ocrx_word' id='word_1_292' title='bbox 1510 1955 1645 1992; x_wconf 85' lang='lat' dir='ltr'>propter</span> 
     </span>
     <span class='ocr_line' id='line_1_31' title="bbox 113 2002 1644 2045; baseline -0.003 -8"><span class='ocrx_word' id='word_1_293' title='bbox 113 2007 282 2037; x_wconf 84' lang='lat' dir='ltr'>raritatem</span> <span class='ocrx_word' id='word_1_294' title='bbox 304 2005 502 2045; x_wconf 86' lang='lat' dir='ltr'>capillorum</span> <span class='ocrx_word' id='word_1_295' title='bbox 525 2005 680 2045; x_wconf 78' lang='lat' dir='ltr'>adaptato</span> <span class='ocrx_word' id='word_1_296' title='bbox 704 2009 731 2036; x_wconf 82' lang='lat' dir='ltr'>et</span> <span class='ocrx_word' id='word_1_297' title='bbox 755 2006 891 2043; x_wconf 67' lang='lat' dir='ltr'>adneoeo,</span> <span class='ocrx_word' id='word_1_298' title='bbox 916 2010 952 2037; x_wconf 85' lang='lat' dir='ltr'>ut</span> <span class='ocrx_word' id='word_1_299' title='bbox 974 2016 1068 2036; x_wconf 87' lang='lat' dir='ltr'>nerno</span> <span class='ocrx_word' id='word_1_300' title='bbox 1095 2006 1272 2037; x_wconf 81' lang='lat' dir='ltr'>dinosceret</span> <span class='ocrx_word' id='word_1_301' title='bbox 1364 2007 1426 2038; x_wconf 90' lang='lat'>150</span> <span class='ocrx_word' id='word_1_302' title='bbox 1453 2002 1644 2045; x_wconf 86' lang='lat' dir='ltr'>pumicibus</span> 
     </span>
     <span class='ocr_line' id='line_1_32' title="bbox 114 2056 1644 2098; baseline -0.002 -10"><span class='ocrx_word' id='word_1_303' title='bbox 114 2058 202 2094; x_wconf 62' lang='grc' dir='ltr'>ΠΜ,</span> <span class='ocrx_word' id='word_1_304' title='bbox 230 2057 407 2098; x_wconf 88' lang='lat' dir='ltr'>punicibus</span> <span class='ocrx_word' id='word_1_305' title='bbox 439 2056 492 2088; x_wconf 88' lang='lat' dir='ltr'>GL</span> <span class='ocrx_word' id='word_1_306' title='bbox 582 2057 687 2094; x_wconf 74' lang='lat' dir='ltr'>cauis,</span> <span class='ocrx_word' id='word_1_307' title='bbox 717 2060 868 2095; x_wconf 84' lang='grc' dir='ltr'><em>σομφοΐσ,</em></span> <span class='ocrx_word' id='word_1_308' title='bbox 898 2058 1088 2098; x_wconf 83' lang='lat' dir='ltr'>spongiosis</span> <span class='ocrx_word' id='word_1_309' title='bbox 1119 2057 1220 2097; x_wconf 88' lang='lat' dir='ltr'>(Plin.</span> <span class='ocrx_word' id='word_1_310' title='bbox 1251 2057 1320 2088; x_wconf 88' lang='lat' dir='ltr'>n.h.</span> <span class='ocrx_word' id='word_1_311' title='bbox 1354 2064 1472 2086; x_wconf 80' lang='lat' dir='ltr'>xxxvr</span> <span class='ocrx_word' id='word_1_312' title='bbox 1504 2056 1579 2093; x_wconf 89' lang='lat'>155)</span> <span class='ocrx_word' id='word_1_313' title='bbox 1608 2057 1644 2085; x_wconf 88' lang='lat' dir='ltr'>et</span> 
     </span>
     <span class='ocr_line' id='line_1_33' title="bbox 113 2107 1644 2149; baseline -0.003 -8"><span class='ocrx_word' id='word_1_314' title='bbox 113 2109 323 2141; x_wconf 85' lang='lat' dir='ltr'>foraminum</span> <span class='ocrx_word' id='word_1_315' title='bbox 347 2107 467 2149; x_wconf 84' lang='lat' dir='ltr'>plenis,</span> <span class='ocrx_word' id='word_1_316' title='bbox 491 2108 587 2139; x_wconf 85' lang='lat' dir='ltr'>anth.</span> <span class='ocrx_word' id='word_1_317' title='bbox 614 2107 687 2139; x_wconf 87' lang='lat' dir='ltr'>Pal.</span> <span class='ocrx_word' id='word_1_318' title='bbox 712 2117 748 2140; x_wconf 92' lang='lat' dir='ltr'>VI</span> <span class='ocrx_word' id='word_1_319' title='bbox 773 2108 813 2139; x_wconf 83' lang='lat'>62</span> <span class='ocrx_word' id='word_1_320' title='bbox 838 2109 858 2140; x_wconf 89' lang='grc'><strong>3</strong></span> <span class='ocrx_word' id='word_1_321' title='bbox 882 2119 931 2149; x_wconf 89' lang='lat' dir='ltr'>sq.</span> <span class='ocrx_word' id='word_1_322' title='bbox 957 2110 1078 2149; x_wconf 81' lang='grc' dir='ltr'>κίσηριν</span> <span class='ocrx_word' id='word_1_323' title='bbox 1097 2132 1103 2139; x_wconf 92' lang='grc'><strong>.</strong></span> <span class='ocrx_word' id='word_1_324' title='bbox 1122 2132 1130 2139; x_wconf 88' lang='grc'><strong>.</strong></span> <span class='ocrx_word' id='word_1_325' title='bbox 1151 2132 1157 2139; x_wconf 93' lang='grc'><strong>.</strong></span> <span class='ocrx_word' id='word_1_326' title='bbox 1175 2110 1393 2149; x_wconf 82' lang='grc' dir='ltr'>τρηματόεντα</span> <span class='ocrx_word' id='word_1_327' title='bbox 1418 2110 1529 2143; x_wconf 82' lang='grc' dir='ltr'><em>λίθον;</em></span> <span class='ocrx_word' id='word_1_328' title='bbox 1562 2115 1644 2137; x_wconf 89' lang='lat' dir='ltr'>nam</span> 
     </span>
     <span class='ocr_line' id='line_1_34' title="bbox 113 2156 1646 2201; baseline -0.004 -9"><span class='ocrx_word' id='word_1_329' title='bbox 113 2161 213 2201; x_wconf 89' lang='lat' dir='ltr'>longe</span> <span class='ocrx_word' id='word_1_330' title='bbox 230 2159 330 2191; x_wconf 84' lang='lat' dir='ltr'>aliter</span> <span class='ocrx_word' id='word_1_331' title='bbox 347 2160 423 2191; x_wconf 89' lang='lat' dir='ltr'>caui</span> <span class='ocrx_word' id='word_1_332' title='bbox 440 2160 593 2200; x_wconf 86' lang='lat' dir='ltr'>pumices</span> <span class='ocrx_word' id='word_1_333' title='bbox 611 2159 774 2191; x_wconf 88' lang='lat' dir='ltr'>dicuntur</span> <span class='ocrx_word' id='word_1_334' title='bbox 791 2160 889 2200; x_wconf 87' lang='lat' dir='ltr'>Verg.</span> <span class='ocrx_word' id='word_1_335' title='bbox 908 2170 1020 2200; x_wconf 82' lang='lat' dir='ltr'>georg.</span> <span class='ocrx_word' id='word_1_336' title='bbox 1040 2169 1077 2191; x_wconf 82' lang='lat' dir='ltr'>IV</span> <span class='ocrx_word' id='word_1_337' title='bbox 1094 2161 1137 2190; x_wconf 86' lang='lat'>44</span> <span class='ocrx_word' id='word_1_338' title='bbox 1154 2163 1190 2191; x_wconf 88' lang='lat' dir='ltr'>et</span> <span class='ocrx_word' id='word_1_339' title='bbox 1207 2159 1308 2200; x_wconf 86' lang='lat' dir='ltr'>Prop.</span> <span class='ocrx_word' id='word_1_340' title='bbox 1327 2168 1369 2190; x_wconf 87' lang='lat'>111</span> <span class='ocrx_word' id='word_1_341' title='bbox 1387 2160 1406 2190; x_wconf 87' lang='lat'>3</span> <span class='ocrx_word' id='word_1_342' title='bbox 1424 2160 1467 2190; x_wconf 88' lang='grc'>28</span> <span class='ocrx_word' id='word_1_343' title='bbox 1482 2170 1488 2189; x_wconf 93' lang='lat'>:</span> <span class='ocrx_word' id='word_1_344' title='bbox 1520 2156 1646 2188; x_wconf 88' lang='lat' dir='ltr'>similia</span> 
     </span>
     <span class='ocr_line' id='line_1_35' title="bbox 114 2209 1645 2250; baseline -0.003 -7"><span class='ocrx_word' id='word_1_345' title='bbox 114 2215 196 2243; x_wconf 88' lang='lat' dir='ltr'>sunt</span> <span class='ocrx_word' id='word_1_346' title='bbox 222 2212 320 2243; x_wconf 91' lang='lat' dir='ltr'>Lucr.</span> <span class='ocrx_word' id='word_1_347' title='bbox 348 2220 375 2242; x_wconf 91' lang='lat'>11</span> <span class='ocrx_word' id='word_1_348' title='bbox 401 2212 464 2241; x_wconf 88' lang='grc'>860</span> <span class='ocrx_word' id='word_1_349' title='bbox 489 2221 575 2241; x_wconf 87' lang='lat' dir='ltr'>caua</span> <span class='ocrx_word' id='word_1_350' title='bbox 599 2221 731 2250; x_wconf 88' lang='lat' dir='ltr'>corpore</span> <span class='ocrx_word' id='word_1_351' title='bbox 756 2221 841 2247; x_wconf 87' lang='lat' dir='ltr'>raro,</span> <span class='ocrx_word' id='word_1_352' title='bbox 869 2210 957 2241; x_wconf 92' lang='lat' dir='ltr'>Plin.</span> <span class='ocrx_word' id='word_1_353' title='bbox 984 2211 1054 2242; x_wconf 89' lang='lat' dir='ltr'>n.h.</span> <span class='ocrx_word' id='word_1_354' title='bbox 1083 2220 1122 2242; x_wconf 81' lang='lat' dir='ltr'>xl</span> <span class='ocrx_word' id='word_1_355' title='bbox 1150 2212 1212 2242; x_wconf 89' lang='lat'>188</span> <span class='ocrx_word' id='word_1_356' title='bbox 1235 2211 1402 2250; x_wconf 78' lang='lat' dir='ltr'>pulmo..</span> <span class='ocrx_word' id='word_1_357' title='bbox 1422 2234 1429 2240; x_wconf 93' lang='lat'>.</span> <span class='ocrx_word' id='word_1_358' title='bbox 1447 2209 1645 2249; x_wconf 72' lang='lat' dir='ltr'>sponqiosus</span> 
     </span>
     <span class='ocr_line' id='line_1_36' title="bbox 114 2261 1644 2304; baseline -0.003 -10"><span class='ocrx_word' id='word_1_359' title='bbox 114 2274 151 2294; x_wconf 86' lang='lat' dir='ltr'>ae</span> <span class='ocrx_word' id='word_1_360' title='bbox 170 2263 297 2304; x_wconf 80' lang='lat' dir='ltr'>fistulis</span> <span class='ocrx_word' id='word_1_361' title='bbox 322 2262 482 2293; x_wconf 81' lang='lat' dir='ltr'>inanibus</span> <span class='ocrx_word' id='word_1_362' title='bbox 506 2272 620 2293; x_wconf 77' lang='lat' dir='ltr'>cauus.</span> <span class='ocrx_word' id='word_1_363' title='bbox 668 2263 817 2294; x_wconf 86' lang='lat' dir='ltr'>contulit</span> <span class='ocrx_word' id='word_1_364' title='bbox 843 2262 993 2302; x_wconf 85' lang='lat' dir='ltr'>Scaliger</span> <span class='ocrx_word' id='word_1_365' title='bbox 1017 2262 1093 2294; x_wconf 85' lang='lat' dir='ltr'>Sen.</span> <span class='ocrx_word' id='word_1_366' title='bbox 1120 2273 1190 2303; x_wconf 87' lang='lat' dir='ltr'>n.q.</span> <span class='ocrx_word' id='word_1_367' title='bbox 1218 2271 1271 2293; x_wconf 83' lang='lat' dir='ltr'>VII</span> <span class='ocrx_word' id='word_1_368' title='bbox 1295 2263 1329 2294; x_wconf 88' lang='lat'>31</span> <span class='ocrx_word' id='word_1_369' title='bbox 1362 2263 1381 2293; x_wconf 93' lang='grc'>2</span> <span class='ocrx_word' id='word_1_370' title='bbox 1406 2261 1553 2301; x_wconf 85' lang='lat' dir='ltr'>politura</span> <span class='ocrx_word' id='word_1_371' title='bbox 1577 2270 1644 2291; x_wconf 90' lang='lat' dir='ltr'>cor-</span> 
     </span>
     <span class='ocr_line' id='line_1_37' title="bbox 113 2312 1644 2354; baseline -0.002 -9"><span class='ocrx_word' id='word_1_372' title='bbox 113 2324 233 2354; x_wconf 82' lang='lat' dir='ltr'>porum</span> <span class='ocrx_word' id='word_1_373' title='bbox 324 2316 385 2347; x_wconf 93' lang='lat'>151</span> <span class='ocrx_word' id='word_1_374' title='bbox 402 2313 519 2350; x_wconf 76' lang='lat' dir='ltr'>odisse,</span> <span class='ocrx_word' id='word_1_375' title='bbox 534 2313 638 2345; x_wconf 86' lang='lat' dir='ltr'>Clem.</span> <span class='ocrx_word' id='word_1_376' title='bbox 653 2313 750 2344; x_wconf 85' lang='lat' dir='ltr'>Alex.</span> <span class='ocrx_word' id='word_1_377' title='bbox 766 2314 865 2354; x_wconf 89' lang='lat' dir='ltr'>paed.</span> <span class='ocrx_word' id='word_1_378' title='bbox 880 2323 924 2345; x_wconf 89' lang='lat'>111</span> <span class='ocrx_word' id='word_1_379' title='bbox 940 2315 958 2345; x_wconf 87' lang='lat'><strong>3</strong></span> <span class='ocrx_word' id='word_1_380' title='bbox 976 2314 1042 2353; x_wconf 89' lang='lat' dir='ltr'>(ed.</span> <span class='ocrx_word' id='word_1_381' title='bbox 1058 2313 1188 2345; x_wconf 87' lang='lat' dir='ltr'>Staehl.</span> <span class='ocrx_word' id='word_1_382' title='bbox 1203 2312 1272 2345; x_wconf 90' lang='lat' dir='ltr'>uol.</span> <span class='ocrx_word' id='word_1_383' title='bbox 1285 2323 1298 2345; x_wconf 87' lang='lat'>1</span> <span class='ocrx_word' id='word_1_384' title='bbox 1314 2325 1346 2354; x_wconf 89' lang='lat' dir='ltr'>p.</span> <span class='ocrx_word' id='word_1_385' title='bbox 1361 2315 1425 2344; x_wconf 87' lang='grc'>245</span> <span class='ocrx_word' id='word_1_386' title='bbox 1443 2314 1475 2351; x_wconf 90' lang='grc'>8)</span> <span class='ocrx_word' id='word_1_387' title='bbox 1492 2314 1528 2343; x_wconf 88' lang='grc' dir='ltr'>τὸ</span> <span class='ocrx_word' id='word_1_388' title='bbox 1545 2314 1644 2343; x_wconf 82' lang='grc' dir='ltr'>ἄνθοσ</span> 
     </span>
     <span class='ocr_line' id='line_1_38' title="bbox 115 2364 1645 2406; baseline -0.002 -9"><span class='ocrx_word' id='word_1_389' title='bbox 115 2368 151 2397; x_wconf 88' lang='grc' dir='ltr'>τὸ</span> <span class='ocrx_word' id='word_1_390' title='bbox 175 2367 318 2406; x_wconf 86' lang='grc' dir='ltr'>ἀνδρικὸν</span> <span class='ocrx_word' id='word_1_391' title='bbox 342 2367 602 2403; x_wconf 81' lang='grc' dir='ltr'>μυσαττομένουσ</span> <span class='ocrx_word' id='word_1_392' title='bbox 695 2365 820 2401; x_wconf 79' lang='lat' dir='ltr'>uirum,</span> <span class='ocrx_word' id='word_1_393' title='bbox 837 2364 1050 2401; x_wconf 73' lang='lat' dir='ltr'>uirilitatem,</span> <span class='ocrx_word' id='word_1_394' title='bbox 1067 2368 1107 2396; x_wconf 72' lang='lat' dir='ltr'>ut</span> <span class='ocrx_word' id='word_1_395' title='bbox 1124 2365 1248 2396; x_wconf 76' lang='lat' dir='ltr'>Catull.</span> <span class='ocrx_word' id='word_1_396' title='bbox 1266 2366 1306 2397; x_wconf 88' lang='grc'>63</span> <span class='ocrx_word' id='word_1_397' title='bbox 1324 2366 1343 2396; x_wconf 87' lang='grc'>6</span> <span class='ocrx_word' id='word_1_398' title='bbox 1360 2368 1395 2396; x_wconf 73' lang='lat' dir='ltr'>et</span> <span class='ocrx_word' id='word_1_399' title='bbox 1418 2365 1499 2395; x_wconf 83' lang='lat' dir='ltr'>Luc.</span> <span class='ocrx_word' id='word_1_400' title='bbox 1519 2373 1542 2394; x_wconf 88' lang='lat' dir='ltr'>X</span> <span class='ocrx_word' id='word_1_401' title='bbox 1562 2364 1623 2395; x_wconf 83' lang='lat'>134</span> <span class='ocrx_word' id='word_1_402' title='bbox 1638 2375 1645 2400; x_wconf 90' lang='grc'><strong>;</strong></span> 
     </span>
     <span class='ocr_line' id='line_1_39' title="bbox 114 2415 1644 2457; baseline -0.003 -8"><span class='ocrx_word' id='word_1_403' title='bbox 114 2418 165 2449; x_wconf 88' lang='lat' dir='ltr'>ita</span> <span class='ocrx_word' id='word_1_404' title='bbox 189 2417 355 2448; x_wconf 89' lang='lat' dir='ltr'>Horatius</span> <span class='ocrx_word' id='word_1_405' title='bbox 380 2427 478 2447; x_wconf 87' lang='lat' dir='ltr'>serm.</span> <span class='ocrx_word' id='word_1_406' title='bbox 505 2425 533 2448; x_wconf 92' lang='lat'>11</span> <span class='ocrx_word' id='word_1_407' title='bbox 558 2418 577 2447; x_wconf 88' lang='lat'>8</span> <span class='ocrx_word' id='word_1_408' title='bbox 604 2417 643 2447; x_wconf 89' lang='lat'>15</span> <span class='ocrx_word' id='word_1_409' title='bbox 667 2416 774 2447; x_wconf 86' lang='lat' dir='ltr'>Alcon</span> <span class='ocrx_word' id='word_1_410' title='bbox 791 2440 798 2447; x_wconf 82' lang='lat'>.</span> <span class='ocrx_word' id='word_1_411' title='bbox 819 2440 825 2446; x_wconf 95' lang='lat'>.</span> <span class='ocrx_word' id='word_1_412' title='bbox 845 2440 852 2447; x_wconf 91' lang='lat'>.</span> <span class='ocrx_word' id='word_1_413' title='bbox 871 2416 975 2447; x_wconf 75' lang='lat' dir='ltr'>maris</span> <span class='ocrx_word' id='word_1_414' title='bbox 999 2426 1123 2456; x_wconf 75' lang='lat' dir='ltr'>expers,</span> <span class='ocrx_word' id='word_1_415' title='bbox 1149 2427 1251 2457; x_wconf 90' lang='lat' dir='ltr'>quem</span> <span class='ocrx_word' id='word_1_416' title='bbox 1274 2416 1390 2448; x_wconf 91' lang='lat' dir='ltr'>locum</span> <span class='ocrx_word' id='word_1_417' title='bbox 1414 2415 1585 2456; x_wconf 81' lang='lat' dir='ltr'>explicaui</span> <span class='ocrx_word' id='word_1_418' title='bbox 1607 2415 1644 2445; x_wconf 90' lang='lat' dir='ltr'>in</span> 
     </span>
     <span class='ocr_line' id='line_1_40' title="bbox 115 2466 1642 2508; baseline -0.003 -8"><span class='ocrx_word' id='word_1_419' title='bbox 115 2467 276 2500; x_wconf 85' lang='lat' dir='ltr'>Classical</span> <span class='ocrx_word' id='word_1_420' title='bbox 307 2466 492 2508; x_wconf 82' lang='lat' dir='ltr'>Quarterly</span> <span class='ocrx_word' id='word_1_421' title='bbox 522 2478 577 2498; x_wconf 88' lang='lat' dir='ltr'>an.</span> <span class='ocrx_word' id='word_1_422' title='bbox 613 2468 697 2499; x_wconf 88' lang='grc'><strong>1913</strong></span> <span class='ocrx_word' id='word_1_423' title='bbox 728 2478 760 2508; x_wconf 92' lang='lat' dir='ltr'>p.</span> <span class='ocrx_word' id='word_1_424' title='bbox 794 2468 837 2498; x_wconf 89' lang='grc'>28</span> <span class='ocrx_word' id='word_1_425' title='bbox 926 2469 1047 2499; x_wconf 81' lang='lat' dir='ltr'>teretes</span> <span class='ocrx_word' id='word_1_426' title='bbox 1078 2468 1307 2499; x_wconf 85' lang='lat' dir='ltr'>Ruhnkenius</span> <span class='ocrx_word' id='word_1_427' title='bbox 1338 2467 1383 2498; x_wconf 88' lang='lat' dir='ltr'>ad</span> <span class='ocrx_word' id='word_1_428' title='bbox 1414 2466 1524 2498; x_wconf 83' lang='lat' dir='ltr'>Rutil.</span> <span class='ocrx_word' id='word_1_429' title='bbox 1556 2466 1642 2506; x_wconf 90' lang='lat' dir='ltr'>Lup.</span> 
     </span>
     <span class='ocr_line' id='line_1_41' title="bbox 115 2518 1646 2560; baseline -0.001 -10"><span class='ocrx_word' id='word_1_430' title='bbox 115 2530 148 2560; x_wconf 91' lang='lat' dir='ltr'>p.</span> <span class='ocrx_word' id='word_1_431' title='bbox 177 2521 229 2555; x_wconf 84' lang='lat'>94,</span> <span class='ocrx_word' id='word_1_432' title='bbox 257 2519 378 2550; x_wconf 85' lang='lat' dir='ltr'>sterilis</span> <span class='ocrx_word' id='word_1_433' title='bbox 404 2518 482 2549; x_wconf 92' lang='lat' dir='ltr'>libri</span> <span class='ocrx_word' id='word_1_434' title='bbox 505 2519 590 2550; x_wconf 85' lang='lat' dir='ltr'>satis</span> <span class='ocrx_word' id='word_1_435' title='bbox 612 2518 757 2559; x_wconf 88' lang='lat' dir='ltr'>procliui</span> <span class='ocrx_word' id='word_1_436' title='bbox 780 2529 903 2555; x_wconf 87' lang='lat' dir='ltr'>errore,</span> <span class='ocrx_word' id='word_1_437' title='bbox 927 2519 1142 2550; x_wconf 89' lang='lat' dir='ltr'>scribebatur</span> <span class='ocrx_word' id='word_1_438' title='bbox 1164 2520 1253 2550; x_wconf 90' lang='lat' dir='ltr'>enim</span> <span class='ocrx_word' id='word_1_439' title='bbox 1279 2522 1314 2550; x_wconf 86' lang='lat' dir='ltr'>et</span> <span class='ocrx_word' id='word_1_440' title='bbox 1337 2519 1441 2550; x_wconf 77' lang='lat' dir='ltr'>teritis</span> <span class='ocrx_word' id='word_1_441' title='bbox 1464 2521 1499 2549; x_wconf 86' lang='lat' dir='ltr'>et</span> <span class='ocrx_word' id='word_1_442' title='bbox 1521 2518 1646 2549; x_wconf 69' lang='lat' dir='ltr'>sterelis</span> 
     </span>
     <span class='ocr_line' id='line_1_42' title="bbox 115 2568 1646 2611; baseline -0.001 -10"><span class='ocrx_word' id='word_1_443' title='bbox 115 2570 331 2611; x_wconf 88' lang='lat' dir='ltr'>habeturque</span> <span class='ocrx_word' id='word_1_444' title='bbox 349 2570 455 2601; x_wconf 88' lang='lat' dir='ltr'>etiam</span> <span class='ocrx_word' id='word_1_445' title='bbox 473 2570 532 2600; x_wconf 89' lang='lat' dir='ltr'>illa</span> <span class='ocrx_word' id='word_1_446' title='bbox 544 2569 793 2610; x_wconf 87' lang='lat' dir='ltr'>significatione</span> <span class='ocrx_word' id='word_1_447' title='bbox 805 2569 911 2601; x_wconf 77' lang='lat' dir='ltr'>terelis</span> <span class='ocrx_word' id='word_1_448' title='bbox 924 2570 1044 2601; x_wconf 81' lang='lat' dir='ltr'>C.G.L.</span> <span class='ocrx_word' id='word_1_449' title='bbox 1059 2579 1095 2601; x_wconf 87' lang='lat' dir='ltr'>IV</span> <span class='ocrx_word' id='word_1_450' title='bbox 1109 2581 1140 2611; x_wconf 90' lang='lat' dir='ltr'>p.</span> <span class='ocrx_word' id='word_1_451' title='bbox 1158 2571 1220 2602; x_wconf 88' lang='grc'>396</span> <span class='ocrx_word' id='word_1_452' title='bbox 1233 2572 1285 2602; x_wconf 90' lang='lat'>47.</span> <span class='ocrx_word' id='word_1_453' title='bbox 1334 2570 1481 2601; x_wconf 89' lang='lat' dir='ltr'>oderunt</span> <span class='ocrx_word' id='word_1_454' title='bbox 1498 2568 1646 2600; x_wconf 81' lang='lat' dir='ltr'>lacertos</span> 
     </span>
     <span class='ocr_line' id='line_1_43' title="bbox 115 2619 1646 2662; baseline -0.001 -9"><span class='ocrx_word' id='word_1_455' title='bbox 115 2622 214 2653; x_wconf 88' lang='lat' dir='ltr'>nodis</span> <span class='ocrx_word' id='word_1_456' title='bbox 237 2620 389 2652; x_wconf 84' lang='lat' dir='ltr'>difficiles</span> <span class='ocrx_word' id='word_1_457' title='bbox 412 2621 515 2661; x_wconf 84' lang='lat' dir='ltr'>(Stat.</span> <span class='ocrx_word' id='word_1_458' title='bbox 540 2620 646 2652; x_wconf 90' lang='lat' dir='ltr'>Theb.</span> <span class='ocrx_word' id='word_1_459' title='bbox 671 2630 709 2652; x_wconf 85' lang='lat' dir='ltr'>VI</span> <span class='ocrx_word' id='word_1_460' title='bbox 732 2623 795 2652; x_wconf 84' lang='lat'>844</span> <span class='ocrx_word' id='word_1_461' title='bbox 818 2622 884 2662; x_wconf 86' lang='lat' dir='ltr'>sq.)</span> <span class='ocrx_word' id='word_1_462' title='bbox 908 2625 943 2652; x_wconf 89' lang='lat' dir='ltr'>et</span> <span class='ocrx_word' id='word_1_463' title='bbox 965 2621 1154 2653; x_wconf 85' lang='lat' dir='ltr'>solidorum</span> <span class='ocrx_word' id='word_1_464' title='bbox 1177 2621 1267 2654; x_wconf 91' lang='lat' dir='ltr'>mole</span> <span class='ocrx_word' id='word_1_465' title='bbox 1289 2625 1444 2653; x_wconf 89' lang='lat' dir='ltr'>tororum</span> <span class='ocrx_word' id='word_1_466' title='bbox 1468 2619 1646 2652; x_wconf 87' lang='lat' dir='ltr'>Herculeis</span> 
     </span>
     <span class='ocr_line' id='line_1_44' title="bbox 115 2671 1643 2714; baseline -0.001 -10"><span class='ocrx_word' id='word_1_467' title='bbox 115 2671 242 2704; x_wconf 85' lang='lat' dir='ltr'>similes</span> <span class='ocrx_word' id='word_1_468' title='bbox 272 2671 388 2712; x_wconf 86' lang='lat' dir='ltr'>(Ouid.</span> <span class='ocrx_word' id='word_1_469' title='bbox 425 2676 506 2703; x_wconf 88' lang='lat' dir='ltr'>met.</span> <span class='ocrx_word' id='word_1_470' title='bbox 543 2681 592 2703; x_wconf 87' lang='lat' dir='ltr'>XV</span> <span class='ocrx_word' id='word_1_471' title='bbox 625 2673 690 2704; x_wconf 87' lang='lat'>230</span> <span class='ocrx_word' id='word_1_472' title='bbox 724 2674 802 2713; x_wconf 77' lang='lat' dir='ltr'>sq·)‚</span> <span class='ocrx_word' id='word_1_473' title='bbox 837 2676 963 2713; x_wconf 77' lang='lat' dir='ltr'>optant</span> <span class='ocrx_word' id='word_1_474' title='bbox 997 2674 1162 2714; x_wconf 87' lang='lat' dir='ltr'>puerilem</span> <span class='ocrx_word' id='word_1_475' title='bbox 1198 2674 1429 2714; x_wconf 87' lang='lat' dir='ltr'>puellaremue</span> <span class='ocrx_word' id='word_1_476' title='bbox 1464 2672 1643 2703; x_wconf 85' lang='lat' dir='ltr'>decorem:</span> 
     </span>
     <span class='ocr_line' id='line_1_45' title="bbox 117 2722 1642 2765; baseline -0.001 -10"><span class='ocrx_word' id='word_1_477' title='bbox 117 2723 240 2756; x_wconf 86' lang='lat' dir='ltr'>Catull.</span> <span class='ocrx_word' id='word_1_478' title='bbox 261 2724 297 2755; x_wconf 88' lang='grc'><strong>61</strong></span> <span class='ocrx_word' id='word_1_479' title='bbox 321 2725 378 2754; x_wconf 89' lang='lat'>181</span> <span class='ocrx_word' id='word_1_480' title='bbox 399 2734 448 2764; x_wconf 89' lang='lat' dir='ltr'>sq.</span> <span class='ocrx_word' id='word_1_481' title='bbox 468 2723 687 2754; x_wconf 75' lang='lat' dir='ltr'>bracchiolum</span> <span class='ocrx_word' id='word_1_482' title='bbox 703 2726 783 2754; x_wconf 76' lang='lat' dir='ltr'>teres</span> <span class='ocrx_word' id='word_1_483' title='bbox 799 2747 806 2754; x_wconf 92' lang='lat'>.</span> <span class='ocrx_word' id='word_1_484' title='bbox 826 2747 833 2754; x_wconf 87' lang='lat'>.</span> <span class='ocrx_word' id='word_1_485' title='bbox 853 2747 860 2754; x_wconf 94' lang='lat'>.</span> <span class='ocrx_word' id='word_1_486' title='bbox 876 2724 1055 2764; x_wconf 81' lang='lat' dir='ltr'>puellulae,</span> <span class='ocrx_word' id='word_1_487' title='bbox 1074 2724 1158 2756; x_wconf 91' lang='lat' dir='ltr'>Hor.</span> <span class='ocrx_word' id='word_1_488' title='bbox 1177 2725 1276 2765; x_wconf 85' lang='lat' dir='ltr'>epod.</span> <span class='ocrx_word' id='word_1_489' title='bbox 1298 2726 1333 2755; x_wconf 95' lang='lat'>11</span> <span class='ocrx_word' id='word_1_490' title='bbox 1355 2725 1396 2755; x_wconf 86' lang='lat'>28</span> <span class='ocrx_word' id='word_1_491' title='bbox 1413 2723 1520 2755; x_wconf 74' lang='lat' dir='ltr'>teretis</span> <span class='ocrx_word' id='word_1_492' title='bbox 1534 2722 1642 2763; x_wconf 78' lang='lat' dir='ltr'>pueri.</span> 
     </span>
     <span class='ocr_line' id='line_1_46' title="bbox 117 2775 1645 2816; baseline -0.001 -10"><span class='ocrx_word' id='word_1_493' title='bbox 117 2785 330 2816; x_wconf 88' lang='lat' dir='ltr'>quamquam</span> <span class='ocrx_word' id='word_1_494' title='bbox 353 2778 478 2806; x_wconf 88' lang='lat' dir='ltr'>teretes</span> <span class='ocrx_word' id='word_1_495' title='bbox 500 2775 621 2806; x_wconf 84' lang='lat' dir='ltr'>lacerti</span> <span class='ocrx_word' id='word_1_496' title='bbox 643 2776 727 2815; x_wconf 92' lang='lat' dir='ltr'>quin</span> <span class='ocrx_word' id='word_1_497' title='bbox 750 2775 854 2806; x_wconf 87' lang='lat' dir='ltr'>etiam</span> <span class='ocrx_word' id='word_1_498' title='bbox 878 2775 986 2807; x_wconf 81' lang='lat' dir='ltr'>fortes</span> <span class='ocrx_word' id='word_1_499' title='bbox 1005 2777 1075 2807; x_wconf 88' lang='lat' dir='ltr'>sint</span> <span class='ocrx_word' id='word_1_500' title='bbox 1094 2775 1180 2807; x_wconf 82' lang='lat' dir='ltr'>nihil</span> <span class='ocrx_word' id='word_1_501' title='bbox 1198 2786 1280 2807; x_wconf 87' lang='lat' dir='ltr'>sane</span> <span class='ocrx_word' id='word_1_502' title='bbox 1300 2775 1429 2812; x_wconf 86' lang='lat' dir='ltr'>obstat,</span> <span class='ocrx_word' id='word_1_503' title='bbox 1449 2778 1484 2806; x_wconf 85' lang='lat' dir='ltr'>et</span> <span class='ocrx_word' id='word_1_504' title='bbox 1504 2775 1645 2806; x_wconf 79' lang='lat' dir='ltr'>fuerunt</span> 
     </span>
     <span class='ocr_line' id='line_1_47' title="bbox 116 2826 1643 2870; baseline -0.001 -12"><span class='ocrx_word' id='word_1_505' title='bbox 116 2827 258 2869; x_wconf 85' lang='lat' dir='ltr'>quidam</span> <span class='ocrx_word' id='word_1_506' title='bbox 289 2826 413 2858; x_wconf 90' lang='lat' dir='ltr'>horum</span> <span class='ocrx_word' id='word_1_507' title='bbox 443 2826 623 2860; x_wconf 80' lang='lat' dir='ltr'>hominum</span> <span class='ocrx_word' id='word_1_508' title='bbox 654 2826 845 2866; x_wconf 81' lang='lat' dir='ltr'>fortissimi,</span> <span class='ocrx_word' id='word_1_509' title='bbox 876 2830 917 2860; x_wconf 89' lang='lat' dir='ltr'>ut</span> <span class='ocrx_word' id='word_1_510' title='bbox 947 2826 1045 2860; x_wconf 89' lang='lat' dir='ltr'>miles</span> <span class='ocrx_word' id='word_1_511' title='bbox 1075 2827 1307 2870; x_wconf 88' lang='lat' dir='ltr'>Pompeianus</span> <span class='ocrx_word' id='word_1_512' title='bbox 1338 2826 1465 2859; x_wconf 86' lang='lat' dir='ltr'>Phaed.</span> <span class='ocrx_word' id='word_1_513' title='bbox 1498 2836 1578 2868; x_wconf 85' lang='lat' dir='ltr'>app.</span> <span class='ocrx_word' id='word_1_514' title='bbox 1612 2827 1643 2857; x_wconf 90' lang='lat'>8.</span> 
     </span>
    </p>
   </div>
  </div>
 </body>
</html>
