1855 3088
200 98 280 137 126
499 98 559 140 M.
593 98 844 141 MANILII
875 99 1359 146 ASTRONOMICON
1390 103 1431 145 V

194 209 277 249 πρὸσ
300 211 466 241 ἀνατολὰσ
489 211 668 251 βλέπουσιν
691 212 841 252 ἀριστερὰ
864 213 923 250 μὲν
945 213 1069 253 ’γίνεται
1092 215 1133 246 τὰ
1157 215 1241 255 πρὸσ
1263 216 1321 254 τὴν
1339 214 1475 256 Ἀρκτον
1500 216 1736 257 ἐπιστρέφοντα

192 261 283 300 μέρη,
319 262 403 299 δεξιὰ
436 263 470 292 δὲ
500 263 540 292 τὰ
573 263 655 302 πρὸσ
685 265 886 303 μεσημβρίαν
914 265 1051 304 φέροντα
1078 264 1181 297 Dion.
1211 264 1256 297 Η.
1286 269 1359 298 6111.
1389 266 1491 298 Rom.
1521 275 1550 298 11
1577 269 1608 305 5,
1639 267 1732 300 Plut.

195 314 329 351 quaest.
355 312 456 343 Rom.
482 313 535 349 78,
561 313 652 354 Hyg.
678 316 761 345 astr.
786 322 824 345 IV
848 316 879 346 8.
915 318 1068 347 ceterum
1091 316 1190 348 deme
1214 315 1325 348 ‘Man.
1350 326 1374 348 v
1397 318 1438 350 37
1453 318 1473 355 ’‚
1498 318 1587 350 adde
1610 327 1634 349 v
1656 320 1732 357 505,

194 363 269 400 539,
286 363 360 400 647,
376 363 484 394 etiam
498 364 551 401 57,
570 365 642 402 174,
660 365 734 395 656.

241 415 304 446 381
320 413 375 446 1110
391 415 508 455 potius
528 415 611 446 ordo
632 418 684 447 est
700 428 707 447 :
737 426 842 457 regna
857 416 925 454 1116,
943 416 1042 450 nobis
1059 428 1128 450 non
1144 419 1303 456 transita,
1320 429 1363 450 ex
1379 430 1447 452 uno
1464 420 1533 452 sole
1549 431 1731 453 commune

193 463 310 495 lumen
321 464 543 506 diuersasque
555 466 695 498 umbras
707 467 850 505 ducunt,
865 478 1032 509 uersoque
1045 469 1137 501 caelo
1152 469 1251 501 laeua
1262 470 1422 503 cadentia
1434 471 1533 513 signa
1545 474 1582 503 61
1593 472 1734 504 dextros

192 518 288 547 ortus
305 519 474 557 spectant.
522 517 596 549 dele
615 516 622 530 ‘
636 518 672 549 in
689 517 755 550 GM
768 519 789 556 ’,
806 529 917 560 neque
933 520 1026 551 enim
1042 520 1159 552 differt
1175 520 1211 552 L.

238 568 302 600 383
325 575 368 598 111
385 568 445 599 591
465 568 547 599 redit
564 568 601 599 in
617 572 718 600 terras
734 570 888 601 mundus.

239 619 303 651 385
326 618 421 650 sidus
436 643 443 650 .
461 643 468 650 .
486 643 493 650 .
509 619 595 659 quod
616 631 679 661 pro
701 620 787 660 quod
808 621 903 653 sidus
925 622 1035 664 accipi
1057 633 1157 664 posse
1178 624 1245 654 etsi
1267 633 1391 665 negare
1413 634 1483 656 non
1505 624 1627 662 audeo,
1652 635 1732 657 cum

193 668 437 701 Lachmannus
452 669 550 702 Lucr.
568 679 591 702 v
605 673 668 703 507
683 671 818 709 Pontos,
844 683 947 704 mare
971 677 1054 705 certo
1082 674 1182 714 quod
1198 674 1280 715 fluit
1301 679 1394 706 aestu
1414 676 1665 717 interpretatus
1686 676 1733 708 sit

192 720 278 760 quod
302 731 402 758 mare,
428 724 547 753 tamen
571 733 614 754 ne
638 723 686 754 sic
710 723 852 764 quidem
875 724 1054 756 ferendam
1078 725 1192 757 iudico
1216 726 1365 758 nominis
1389 726 1482 758 idem
1506 726 1734 768 significantis

191 771 433 810 adiectionem,
449 783 517 804 uno
531 777 629 811 astro,
644 774 730 815 quod
743 775 839 806 sidus
854 787 862 813 ;
890 776 985 817 quod
999 779 1121 808 contra
1134 780 1227 809 recte
1241 777 1348 809 habet
1362 786 1400 808 IV
1415 779 1523 809 841-5
1537 778 1657 818 quibus
1673 802 1680 810 .
1697 803 1704 810 .
1722 802 1730 810 .

191 823 302 860 astris,
319 847 326 854 .
344 847 351 854 .
369 847 376 855 .
393 823 492 856 haec.
511 848 517 856 .
535 849 542 856 .
558 825 667 865 siqua,
695 826 923 867 praecedente
950 827 1105 860 membro
1132 828 1289 860 relatiuo.
1341 832 1495 861 ceterum
1521 829 1611 861 adde
1637 840 1731 862 cons.

190 873 265 905 Liu.
292 875 357 906 409
381 875 502 907 sideris
527 877 660 916 (Drusi)
686 877 821 915 obitum,
847 878 922 910 Val.
949 877 1041 910 Max.
1068 888 1107 910 VI
1131 880 1152 911 9
1178 881 1218 911 15
1242 880 1469 911 clarissimum
1493 880 1613 912 mundi
1636 880 1733 912 sidus

191 925 386 965 (Caesarem
411 937 432 958 a
457 927 690 968 praedonibus
716 931 928 970 exceptum),
956 930 1033 962 Sen.
1061 930 1141 962 dial.
1170 939 1211 962 XI
1238 932 1278 964 13
1306 933 1321 963 1
1349 931 1445 963 sidus
1470 931 1528 963 hoc
1554 932 1732 972 (Claudius

189 977 425 1018 principatum
444 978 618 1019 obtinens)
637 990 765 1020 semper
783 980 897 1012 luceat.
946 992 1008 1023 pro
1029 982 1036 994 ‘
1052 982 1171 1023 Phylis
1186 983 1194 995 ’
1214 982 1286 1024 lege
1307 983 1314 995 ‘
1330 983 1437 1014 Philis
1452 983 1472 1014 ’.

236 1030 300 1061 388
324 1028 405 1060 Luc.
426 1038 448 1059 v
465 1031 531 1061 428
548 1041 610 1071 pro
626 1031 780 1070 pandens
797 1043 877 1073 pars
895 1033 1053 1064 codicum
1069 1033 1228 1073 pendens,
1248 1034 1382 1065 tendens
1401 1034 1564 1066 Isidorus.

235 1081 299 1112 394
322 1079 474 1111 recedunt
496 1082 604 1113 tacite
626 1082 793 1114 Manitius
816 1083 949 1115 Gemin.
974 1095 1007 1125 p.
1032 1086 1107 1116 254.
1156 1086 1293 1126 quaerit
1316 1085 1448 1117 Bollius
1472 1086 1637 1117 Deutsch.
1662 1085 1730 1118 Lit.

190 1141 244 1161 an.
273 1131 357 1162 1906
380 1142 412 1172 p.
439 1133 500 1163 481
527 1142 617 1173 quae
641 1134 687 1165 sit
712 1134 719 1147 ‘
734 1135 872 1175 poetica
895 1136 1109 1167 astronomia
1124 1136 1143 1167 ’.
1192 1136 1381 1178 appellatio
1404 1147 1475 1168 non
1498 1148 1519 1168 a
1542 1147 1596 1168 me
1619 1137 1732 1178 primo

189 1180 271 1213 ficta
301 1192 379 1213 eam
409 1185 659 1216 astronomiam
690 1185 908 1218 demonstrat
938 1196 1045 1227 quam
1075 1187 1170 1228 apud
1199 1187 1348 1220 Aratum
1378 1191 1579 1228 ceterosque
1608 1191 1731 1229 poetas

189 1233 396 1270 inuenimus,
424 1235 484 1275 qui
510 1236 640 1276 pariter
666 1247 745 1267 cum
771 1237 875 1278 uulgo
901 1241 937 1269 et
962 1238 1176 1280 philosophis
1202 1239 1374 1280 plerisque
1400 1239 1517 1270 omnia
1541 1239 1732 1270 inerrantia

189 1283 301 1315 sidera
320 1285 439 1325 aequis
458 1287 581 1327 spatiis
600 1297 620 1318 a
639 1290 732 1319 terra
751 1288 880 1320 distare
900 1292 936 1321 et
955 1289 1121 1330 sphaerae
1140 1290 1247 1322 infixa
1266 1301 1338 1322 6666
1358 1290 1493 1328 110111111,
1514 1290 1612 1322 1161111
1631 1290 1728 1322 Arat.

189 1336 253 1366 452
285 1345 335 1377 sq.
368 1339 409 1367 τὰ
439 1339 502 1377 ’γὰρ
534 1340 586 1369 καὶ
616 1341 724 1370 πάντα
754 1340 831 1378 μάλ’
863 1343 969 1372 αὕτωσ
989 1339 993 1383 l
1013 1340 1132 1381 οὐρανῷ
1165 1344 1197 1372 εὖ
1228 1343 1377 1382 ἐνάρηρεν
1409 1344 1585 1382 ἀγάλματα
1617 1343 1731 1373 νυκτὸσ

189 1388 322 1425 ιὀύσησ;
349 1390 456 1428 atque
472 1389 523 1420 ita
539 1388 702 1421 Manilius
724 1399 737 1421 1
754 1392 862 1423 532-6
884 1391 976 1423 haec
1000 1392 1103 1432 ’ἐρίων
1127 1396 1262 1424 texunt
1286 1393 1418 1433 aequali
1440 1393 1574 1424 sidera
1597 1396 1702 1424 tractu
1723 1391 1727 1436 1

189 1438 323 1478 iqnibus
348 1439 386 1470 in
409 1439 527 1471 uarias
557 1441 709 1473 caelum
740 1442 932 1482 laqueantia
950 1443 1089 1484 formas.
1122 1442 1126 1486 Ι
1154 1444 1280 1476 altius
1312 1444 1374 1475 his
1405 1444 1512 1476 nihil
1543 1448 1598 1476 est
1615 1455 1626 1480 ‚·
1654 1443 1731 1476 haec

188 1493 267 1520 sunt
294 1489 437 1530 fastiyia
470 1491 590 1523 mundi
605 1503 617 1529 ‚·
638 1490 642 1535 Ι
660 1493 797 1533 publica
829 1497 969 1526 naturae
1001 1494 1118 1526 domus
1151 1495 1204 1526 lais
1237 1499 1388 1527 contenta
1422 1499 1546 1527 tenetur
1569 1493 1731 1538 {finibu8,

189 1542 254 1572 544
268 1551 318 1582 sq.
334 1545 496 1581 quantum
509 1553 530 1574 a
544 1544 639 1574 terris
655 1548 750 1584 atque
763 1555 900 1585 aequore
913 1545 1010 1585 siqua
1023 1546 1176 1578 recedunt
1198 1544 1201 1589 Ι
1222 1550 1351 1578 tantum
1365 1547 1445 1578 bina
1455 1550 1571 1587 patent
1585 1559 1592 1584 ;
1618 1556 1730 1587 neque

189 1592 257 1623 alio
278 1596 382 1633 pacto
406 1593 582 1625 credibilia
604 1598 718 1627 essent
739 1606 828 1636 quae
850 1596 892 1628 de
915 1599 1041 1636 ζῳδίοισ
1059 1608 1102 1629 ex
1120 1597 1187 1629 illis
1208 1598 1448 1629 constantibus
1469 1598 1588 1630 tradit.
1636 1597 1731 1638 quod

189 1647 308 1675 autem
332 1644 464 1676 Bollius
486 1656 624 1677 uersum
642 1648 718 1684 408,
738 1657 842 1688 quem
860 1648 927 1679 huc
945 1659 1015 1680 non
1033 1649 1206 1690 pertinere
1226 1649 1391 1681 beneuole
1409 1649 1469 1681 sed
1486 1649 1616 1681 frustra
1634 1659 1729 1680 mon-

189 1705 319 1732 ueram,
342 1698 462 1727 tamen
489 1697 622 1734 attulit,
649 1698 656 1710 ‘
671 1698 774 1730 dabei
802 1700 891 1740 zeigt
914 1710 946 1730 v.
976 1701 1052 1737 408,
1076 1700 1143 1731 den
1165 1701 1210 1731 H.
1235 1701 1332 1732 nicht
1353 1701 1445 1741 tilgt,
1468 1711 1554 1742 ganz
1578 1700 1730 1732 deutlich

190 1746 244 1777 die
270 1746 592 1789 Voraussetzungen
620 1749 729 1780 dieser
757 1749 968 1782 Erkenntnis
994 1750 1079 1791 [fixa
1106 1751 1218 1783 sidera
1244 1752 1313 1783 alia
1336 1752 1412 1783 aliis
1435 1752 1620 1783 remotiora
1643 1752 1729 1791 esse]

190 1797 243 1828 bei
271 1797 433 1830 Manilius
449 1799 470 1836 ',
499 1810 569 1831 non
598 1800 782 1841 ignorabat
809 1802 913 1833 homo
941 1803 977 1833 in
1005 1802 1107 1834 rebus
1136 1804 1377 1835 astronomicis
1405 1804 1490 1834 satis
1518 1803 1729 1834 exercitatus

188 1848 302 1880 Solem
321 1860 390 1881 non
413 1851 521 1882 fixum
543 1852 639 1883 sidus
661 1863 783 1884 uerum
805 1856 938 1894 septem
960 1853 1179 1895 planetarum
1195 1865 1304 1886 unum
1319 1865 1431 1896 neque
1452 1856 1624 1886 extimum
1645 1864 1728 1891 esse,

189 1900 249 1931 sed
265 1911 348 1941 prae
364 1901 480 1933 studio
497 1905 604 1943 atque
620 1903 700 1935 odio
717 1904 845 1936 oblitus
862 1908 924 1936 est.
973 1905 1073 1946 plura
1089 1906 1169 1937 uide
1185 1906 1230 1937 ad
1247 1915 1269 1936 v
1287 1907 1360 1937 742.

233 1954 297 1985 396
324 1953 359 1983 111
388 1962 409 1983 v
437 1954 500 1985 280
530 1964 592 1995 pro
623 1965 676 1986 ore
707 1955 779 1996 lege
811 1956 894 1995 ique.
943 1957 979 1988 111
1010 1956 1099 1988 Stat.
1132 1957 1238 1989 Theb.
1270 1966 1294 1988 x
1326 1958 1389 1989 823
1421 1957 1532 1988 rabidi
1562 1960 1643 1988 ante
1675 1967 1730 1988 me

189 2002 391 2035 Vollmerus.

235 2056 299 2087 398
322 2065 372 2096 sq.
391 2056 496 2095 suryit
512 2059 547 2087 et
562 2056 679 2088 deserit
696 2059 931 2099 uespertinum
948 2059 1130 2091 Caniculae
1147 2062 1263 2091 ortum
1279 2070 1508 2100 occasumque
1524 2059 1726 2100 significare,

190 2108 231 2136 ut
257 2106 340 2143 dixi,
368 2108 592 2139 manifestum
619 2112 694 2146 est3
734 2110 828 2150 quod
854 2111 913 2150 qui
939 2121 1063 2151 negare
1089 2114 1248 2152 perstant
1274 2111 1464 2142 Gundelius
1491 2114 1526 2142 et
1553 2110 1727 2142 Bickelius

187 2157 305 2197 qualia
326 2168 502 2199 quamque
523 2160 614 2191 inter
636 2170 671 2191 se
694 2162 867 2192 contraria
890 2162 1002 2193 moliti
1024 2163 1094 2193 sint
1116 2162 1232 2194 uidere
1255 2162 1335 2194 licet
1357 2163 1393 2193 in
1415 2162 1534 2203 philol.
1558 2173 1613 2193 an.
1641 2163 1725 2194 1925

186 2219 243 2249 pp.
262 2210 367 2241 171-3
381 2213 416 2241 et
430 2220 515 2241 mus.
531 2211 642 2242 Rhen.
658 2222 712 2243 an.
731 2213 815 2243 1926
827 2223 884 2254 pp.
900 2214 1018 2244 336-8.
1068 2214 1152 2244 mihi
1165 2213 1250 2254 quid
1263 2214 1407 2245 dixisset
1419 2216 1524 2255 poeta
1536 2213 1727 2245 secundum

187 2263 298 2291 artem
311 2261 466 2292 criticam
479 2262 642 2303 indagare
654 2265 872 2304 propositum
885 2267 970 2301 erat,
984 2275 1054 2296 non
1067 2265 1097 2296 ei
1110 2265 1195 2305 quid
1207 2265 1318 2296 dicere
1331 2265 1472 2297 deberet
1484 2264 1724 2306 praescribere.

186 2311 246 2343 illa
262 2312 394 2343 nullum
411 2313 506 2344 terris
523 2314 703 2346 uiolentius
720 2315 857 2346 aduenit
874 2319 1010 2353 astrum,
1029 2317 1057 2347 si
1073 2316 1147 2348 sola
1163 2327 1223 2357 per
1240 2327 1275 2348 se
1292 2317 1407 2358 posita
1423 2319 1548 2353 essent,
1567 2316 1725 2357 quemuis

186 2363 231 2394 ad
254 2364 426 2395 aestiuum
449 2365 567 2396 sideris
591 2369 707 2397 ortum
728 2366 921 2399 relaturum
942 2367 1048 2398 fuisse
1069 2378 1139 2398 non
1162 2367 1291 2399 infitias
1314 2378 1377 2405 e0;
1414 2378 1526 2408 neque
1548 2367 1651 2399 ualde
1673 2377 1723 2398 re-

186 2424 337 2454 pugnem
361 2416 389 2445 si
413 2416 490 2455 quis
514 2416 567 2447 his
591 2417 703 2448 tribus
726 2418 882 2449 uersibus
907 2421 1076 2459 quattuor
1099 2419 1181 2450 anni
1205 2422 1365 2460 tempora
1389 2419 1620 2450 demonstrari
1644 2429 1723 2449 con-

186 2465 320 2502 tendat,
345 2466 473 2498 Iulium
496 2468 731 2500 Nouembrem
754 2469 957 2501 Ianuarium
979 2470 1120 2501 Maium.
1169 2473 1323 2501 ceterum
1345 2480 1435 2510 quae
1458 2470 1500 2501 de
1523 2469 1722 2501 hominibus

185 2516 324 2557 frugum
351 2521 517 2549 euentum
545 2529 587 2550 ex
615 2519 797 2552 Caniculae
825 2524 904 2552 ortu
933 2521 1209 2552 coniectantibus
1237 2521 1416 2562 disputaui
1442 2521 1478 2552 id
1505 2521 1600 2562 quod
1627 2520 1723 2552 uolui

186 2578 256 2599 non
272 2567 450 2605 efficiunt;
481 2570 646 2611 Aegyptii
662 2572 755 2603 enim
773 2574 921 2610 κοσμεκὸν
944 2575 1018 2603 ἕτοσ
1041 2583 1062 2604 6
1082 2573 1192 2604 sidere
1209 2576 1342 2604 aestate
1364 2583 1444 2604 cum
1465 2572 1543 2604 Nilo
1564 2575 1724 2613 surgente

185 2618 411 2651 ordiebantur
434 2621 544 2660 (Cens.
567 2621 610 2653 de
631 2622 665 2653 d.
689 2625 761 2654 nat.
785 2624 824 2654 21
852 2625 892 2655 10
913 2626 949 2655 et
973 2624 1039 2663 13),
1062 2624 1104 2655 de
1125 2634 1193 2664 quo
1216 2627 1371 2664 tempore
1392 2634 1536 2665 geopon.
1559 2632 1573 2654 Ι
1593 2624 1612 2654 8
1632 2625 1651 2661 ὴ
1669 2624 1725 2653 τοῦ

186 2671 296 2701 Κυνὸσ
333 2672 467 2710 ἑπιτολὴ
505 2674 629 2711 ’γίνεται
673 2675 908 2713 διαφαινούσησ
949 2677 1099 2713 εἰκοστῆσ·
1140 2678 1196 2706 τοῦ
1234 2675 1370 2706 Ἰουλίου
1409 2677 1520 2713 μηνόσ.
1586 2676 1649 2715 χρὴ
1692 2675 1726 2705 δὲ

186 2724 379 2763 παρατηρεῖν
405 2726 437 2754 ἐν
462 2725 541 2763 ποίῳ
565 2726 639 2763 οἴκῳ
664 2727 764 2764 οὔσησ
787 2728 849 2764 τῆσ
873 2727 1016 2764 σελήνησ
1039 2728 1058 2765 ἡ
1082 2729 1194 2758 τούτου
1213 2728 1336 2766 ’γίνεται
1361 2727 1510 2764 ἀνατολή.
1553 2729 1585 2757 ἐν
1610 2727 1725 2757 Λέοντι

185 2775 286 2811 οὔσησ
323 2775 385 2813 τῆσ
424 2776 567 2814 σελήνηο·
606 2777 659 2807 ἐὰν
697 2778 839 2815 ἀνατολὴ
873 2779 1006 2817 ’γένηται
1040 2780 1096 2809 τοῦ
1130 2779 1249 2816 Κυνὸσ,
1286 2779 1374 2809 σίτου
1409 2779 1492 2818 φορὰ
1526 2778 1633 2815 πολλὴ
1671 2778 1723 2808 καὶ

186 2826 293 2856 ἐλαίου
309 2827 362 2857 καὶ
379 2827 461 2858 οἴνου
479 2828 568 2859 ἔσται
585 2829 637 2859 καὶ
653 2829 714 2859 τῶν
732 2830 839 2860 ἄλλων
857 2830 985 2860 πάντων
1002 2830 1121 2861 εὐωνία.
