1855 3088
585 106 777 149 LIBRO
809 106 833 147 I
863 104 1169 149 ADDENDA
1567 107 1647 144 119

165 220 208 252 26
227 218 286 250 Sil.
309 227 359 250 xv
380 220 418 250 71
443 228 493 259 sq.
516 219 573 250 cui
592 219 678 250 ratio
699 222 727 250 et
748 229 886 259 maqnae
906 218 1058 250 caelestia
1078 217 1207 249 semina
1228 216 1346 248 mentis
1368 214 1371 259 Ι
1392 226 1548 247 munere
1571 220 1649 247 sunt

121 280 272 301 concessa
295 269 420 307 deum,
445 268 548 301 Mart.
568 279 608 301 XI
625 271 665 302 80
684 272 702 301 7
719 270 750 301 si
773 270 930 301 deorum
953 279 1109 300 munere
1132 268 1189 300 hoc
1212 268 1272 299 tibi
1295 267 1396 299 detur.
1441 270 1593 298 ceterum
1613 268 1649 298 in

116 320 208 352 Man.
227 329 256 352 11
275 322 336 352 115
354 321 428 361 (ubi
445 321 663 352 scribendum
678 322 799 360 posset)
818 322 944 352 iterum
960 320 1038 351 libri
1055 331 1097 351 ex
1115 330 1247 351 munere
1264 319 1420 350 fecerunt,
1437 328 1585 349 munera.

163 374 204 404 27
227 371 402 411 clepsisset.
445 372 452 384 ‘
467 372 652 412 antiquum
668 375 703 403 et
719 382 858 403 cascum
873 372 880 384 '
899 371 1075 403 Bentleius
1092 370 1265 412 appellare
1281 370 1397 411 potuit]
1413 369 1521 400 etiam
1536 368 1648 400 dicant

119 431 147 453 Π
166 423 227 454 193
243 425 279 454 et>
295 422 484 462 apiscendis
501 431 543 453 111
562 423 633 453 146.

165 475 206 506 30
229 473 379 514 Ampelii
403 473 477 504 loco
504 473 676 504 substitue
703 473 796 505 Seru.
825 473 913 504 Dan.
942 472 1026 504 Aen.
1054 481 1092 503 IV
1118 474 1181 503 577
1210 475 1361 512 quattuor
1388 471 1646 502 Mercurios...

119 527 273 564 quartum
289 523 434 564 Cyllenii
443 524 558 565 filium
573 548 580 555 .
598 548 605 555 .
623 548 629 555 .
645 524 704 564 qui
719 548 725 555 .
743 548 750 554 .
768 548 775 555 .
792 524 829 554 in
844 523 1032 564 Aeqyptum
1045 523 1193 563 profuqit
1209 526 1237 553 et
1253 522 1300 553 ibi
1316 522 1485 553 inuenisse
1499 522 1649 561 primum

119 574 337 614 disciplinam
372 575 554 606 litterarum
587 578 615 606 et
649 585 861 606 numerorum
892 574 1024 611 dicitur,
1057 574 1115 614 qui
1147 574 1263 614 linqua
1294 573 1533 614 Aeqyptiorum
1565 575 1648 604 Θεύθ

117 625 305 666 appellatur
331 629 366 657 et
391 626 480 657 adde
508 625 596 657 Plat.
627 625 771 658 Phaedr.
801 627 898 657 2740
930 627 1024 657 Θεὺθ·
1055 627 1166 656 τοῦτον
1195 627 1233 662 δὴ
1264 626 1387 665 πρῶτον
1404 649 1411 655 .
1428 648 1435 655 .
1453 648 1460 656 .
1477 625 1575 663 εὑρεῖν
1591 648 1597 655 .
1615 648 1622 656 .
1640 648 1646 655 .

115 679 334 717 ἀστρονομίαν.

160 730 201 761 31
227 728 367 759 interius
383 728 588 760 aduerbium
603 731 644 760 ut
660 729 702 759 25
719 731 754 759 et
770 728 846 759 qu.
866 737 905 759 XI
924 729 963 759 15
979 737 1029 768 sq.
1049 727 1190 759 interius
1205 727 1237 758 si
1256 724 1260 770 Ι
1278 726 1446 758 adtendas.

163 780 205 812 37
228 778 347 810 Front.
373 789 406 820 p.
435 780 497 811 180
521 779 611 811 Nab.
637 779 732 810 nouit
748 804 754 810 .
772 803 779 810 .
797 803 804 810 .
820 789 921 819 quam
944 778 1186 819 cupidissimus
1210 778 1286 815 sim,
1312 778 1391 809 Tac.
1418 788 1497 809 ann.
1524 786 1537 809 1
1561 779 1603 810 53
1628 779 1647 809 2

117 833 187 861 tam
202 830 334 867 intima,
350 830 476 871 Appul.
493 830 583 871 apol.
601 831 620 862 9
635 834 702 862 tam
714 840 926 870 proxumum,
942 830 1016 861 Ter.
1034 829 1142 861 Maur.
1160 830 1224 861 346
1239 833 1307 860 tam
1319 829 1493 869 plurimos.

163 883 205 914 44
228 881 321 922 quod
340 880 382 913 de
401 881 654 922 Aegyptiorum
672 881 784 913 colore
801 881 931 918 monui,
949 884 1132 922 propterea
1151 880 1281 917 monui,
1299 881 1392 920 quia,
1412 880 1478 911 nisi
1497 880 1647 912 monuis-

114 942 196 969 sem,
217 935 358 964 exortus
378 935 468 964 esset
489 933 549 972 qui
568 932 618 964 ita
638 933 860 973 responderet
877 944 883 963 :
920 931 927 944 ‘
942 935 1015 963 esto
1037 932 1227 973 Aegyptios
1247 942 1317 962 non
1336 931 1401 962 sub
1421 931 1494 972 ipso
1515 932 1647 963 oriente

113 983 243 1025 positos
268 994 364 1015 esse:
402 987 440 1014 at
464 983 552 1024 nigri
575 986 657 1015 sunt
672 983 692 1014 ’.
741 994 783 1015 ne
808 983 997 1015 Chaldaeos
1022 983 1163 1024 quidem
1187 983 1300 1024 nigros
1325 993 1397 1013 esse
1421 981 1646 1023 significatur,

113 1035 173 1066 sed
204 1035 329 1066 orienti
359 1037 394 1066 et
425 1035 529 1076 nigris
560 1035 631 1066 eius
663 1035 798 1076 populis
830 1035 972 1071 uicinos,
1004 1035 1046 1066 de
1078 1034 1202 1075 quibus
1234 1034 1398 1066 Geminus
1431 1034 1471 1064 16
1501 1035 1544 1065 28
1572 1036 1649 1065 τοὺο·

113 1087 357 1124 πλησιάζοντασ
382 1086 422 1126 τῇ
447 1085 589 1126 ἀνατολῇ
604 1110 610 1116 .
626 1110 634 1118 .
650 1110 656 1116 .
673 1087 899 1126 ὑπελάμβανον
924 1088 1071 1125 γίνεσθαι
1099 1087 1348 1123 καταιθομένουσ
1375 1086 1436 1116 ὑπὸ
1459 1088 1514 1116 τοῦ
1537 1087 1650 1123 ἡλίους

110 1136 200 1168 sicut
217 1137 323 1168 etiam
341 1136 491 1168 Parthus
508 1136 662 1178 soliferae
678 1137 874 1176 suppositus
889 1137 1009 1177 plaqae
1025 1137 1153 1168 dicitur
1170 1136 1247 1168 Sen.
1268 1136 1357 1168 H.O.
1379 1136 1452 1167 159.
1493 1139 1647 1168 ceterum

109 1187 386 1219 aduersariorum
410 1188 446 1219 in
469 1188 619 1229 gratiam
642 1188 799 1220 adscribo
826 1188 927 1219 Mart.
955 1196 978 1219 x
1006 1189 1045 1219 12
1074 1189 1112 1219 12
1138 1187 1275 1218 Niliaco
1300 1187 1412 1218 redeas
1437 1190 1472 1217 tu
1497 1187 1569 1218 licet
1593 1198 1647 1218 ore

110 1238 202 1279 niyer
217 1242 253 1270 et
269 1238 351 1271 Luc.
369 1247 383 1270 1
399 1240 462 1271 683
478 1249 529 1280 sq.
545 1239 674 1279 primos
690 1249 740 1270 me
756 1239 851 1270 ducis
867 1239 905 1270 in
920 1242 1012 1270 ortus
1031 1237 1035 1282 Ι
1053 1249 1118 1280 qua
1135 1249 1224 1270 mare
1240 1238 1342 1279 Laqei
1359 1241 1505 1269 mutatur
1520 1238 1646 1279 qurqite

111 1289 200 1321 Nili.

156 1343 264 1375 51-57
287 1341 461 1373 Breiterus
485 1342 702 1383 comparauit
724 1341 825 1373 Diod.
844 1341 909 1374 Sic.
927 1350 955 1373 11
976 1342 1020 1374 30
1041 1342 1106 1372 2—4
1126 1343 1189 1372 τῶν
1214 1341 1240 1372 δ’
1265 1342 1388 1381 ἄστρων
1413 1343 1647 1381 πολυχρονίουσ

112 1394 354 1433 παρατηρήσεισ
379 1395 584 1431 πεποιημένοι
609 1395 650 1432 (ol
675 1395 846 1432 Χαλδαῖοι)
872 1395 923 1424 καὶ
946 1395 1009 1424 τὰσ
1033 1395 1167 1424 ἑκάστου
1192 1394 1334 1431 κινήσεισ
1361 1405 1395 1423 τε
1423 1395 1474 1423 καὶ
1500 1395 1649 1431 δυνάμεισ

111 1446 328 1485 ἀκριβέστατα
364 1446 493 1475 πάντων
531 1446 705 1485 ἀνθρώπων
743 1447 963 1484 ἐπεγνωκότεσ
998 1446 1106 1476 πολλὰ
1142 1446 1204 1475 τῶν
1242 1446 1424 1482 μελλόντων
1462 1447 1648 1483 συμβαίνειν

109 1497 304 1536 προλέγουσι
334 1497 404 1527 τοῖσ
436 1497 628 1536 ἀνθρώποισ.
678 1499 835 1536 μεγίστην
868 1497 901 1527 δέ
932 1502 1030 1535 φασιν
1063 1498 1142 1527 εἶναι
1175 1498 1306 1536 θεωρίαν
1338 1497 1389 1526 καὶ
1417 1497 1546 1533 δύναμιν
1577 1498 1647 1536 περὶ

107 1548 185 1578 τοὺο·
222 1548 317 1578 πέντε
357 1549 498 1587 ἀστέρασ
536 1550 613 1578 τοὺσ
651 1549 824 1586 πλάνητασ
858 1550 1075 1585 καλουμένουσ
1092 1571 1099 1578 .
1114 1571 1121 1578 .
1138 1571 1144 1578 .
1160 1549 1243 1578 οὗτοι
1277 1548 1366 1585 μόνοι
1403 1549 1531 1586 πορείαν
1567 1549 1647 1578 ἰδίαν

107 1599 285 1636 ποιουμένοι
301 1600 341 1628 τὰ
356 1600 519 1636 μέλλοντα
536 1601 680 1638 ’γίνεσθαι
699 1600 899 1630 δεικνύουσιν.

157 1651 198 1682 58
221 1648 332 1686 astris,
349 1649 509 1690 planetis,
527 1652 567 1680 uf,
583 1657 611 1680 11
628 1650 691 1681 835
707 1653 742 1680 et
759 1649 827 1682 Cio.
845 1649 887 1681 de
904 1659 974 1691 rep.
992 1658 1031 1680 VI
1046 1651 1088 1680 22
1107 1650 1177 1690 (24)
1193 1658 1269 1681 cum
1284 1648 1328 1680 ad
1344 1648 1430 1680 idem
1446 1649 1534 1681 unde
1548 1650 1647 1681 semel

104 1699 251 1740 profecta
266 1703 344 1731 sunt
360 1703 477 1731 cuncta
493 1703 583 1731 astra
599 1700 765 1731 redierint.

150 1751 353 1792 hyperbatis
371 1751 567 1783 Manilianis
585 1752 753 1784 accedant
772 1753 922 1793 (praeter
939 1752 1024 1784 certi
1041 1752 1172 1793 generis
1190 1751 1388 1792 exemplum
1406 1760 1419 1782 1
1436 1752 1515 1791 429)
1534 1760 1562 1782 11
1580 1752 1643 1784 369

105 1805 204 1842 utque
226 1811 264 1832 ea
284 1805 479 1842 praetereas,
504 1813 587 1842 quae
609 1806 686 1833 sunt
709 1802 804 1840 mihi,
829 1802 975 1842 sinqula,
999 1803 1097 1840 dicta,
1122 1804 1185 1834 583
1209 1813 1259 1843 sq.
1285 1813 1374 1833 unus
1398 1806 1464 1833 erat
1488 1803 1642 1842 Pylades,

105 1863 205 1890 unus,
231 1853 289 1893 qui
313 1853 432 1890 mallet,
458 1853 595 1890 Orestes,
620 1851 624 1896 Ι
644 1854 716 1894 ipse
740 1854 835 1891 mori,
861 1855 926 1885 814
949 1853 1120 1894 quidquid,
1146 1857 1192 1891 ut,
1219 1853 1370 1891 emineat,
1395 1853 1461 1884 sibi
1484 1853 1642 1891 uindicet,

104 1912 143 1935 IV
168 1905 210 1936 98
236 1914 286 1945 sq.
315 1908 359 1936 est
384 1904 490 1941 aliud,
516 1905 601 1945 quod
627 1915 686 1936 nos
711 1908 863 1945 coqatque
888 1908 1048 1945 reqatque,
1072 1903 1076 1947 Ι
1096 1905 1218 1942 maius,
1247 1908 1274 1936 et
1300 1905 1338 1935 in
1361 1904 1519 1945 proprias
1545 1905 1643 1936 ducat

105 1955 260 1986 mortalia
286 1955 378 1995 leges,
406 1956 470 1987 269
496 1966 580 1996 quae
602 1966 663 1996 per
688 1966 792 1996 aquas
819 1956 970 1993 ueniunt,
998 1966 1145 1996 operum,
1167 1956 1338 1997 fontisque
1362 1959 1549 1996 sequontur,
1578 1957 1642 1988 882

103 2009 239 2046 quanta,
266 2009 303 2044 et,
326 2017 409 2046 pars
432 2010 572 2047 superet,
597 2007 760 2038 rationem
783 2007 916 2044 discere,
942 2007 1055 2038 noctis.
1104 2007 1229 2038 similia
1252 2017 1295 2038 ex
1319 2007 1394 2038 aliis
1417 2007 1641 2048 scriptoribus

104 2061 184 2098 post
201 2067 333 2088 annum
352 2058 435 2089 1903
453 2058 572 2099 coHegi
590 2058 626 2090 in
644 2058 804 2090 Classical
822 2058 962 2090 Review
979 2067 1031 2089 XX
1048 2069 1081 2100 p.
1100 2059 1164 2090 258
1182 2061 1217 2089 et
1234 2058 1380 2090 Journal
1402 2058 1438 2090 of
1460 2058 1642 2101 Philology

104 2116 183 2139 xxx
227 2133 232 2139 .
251 2109 326 2140 246.

150 2161 191 2192 60
199 2119 257 2191 pde
270 2159 383 2201 forma
401 2160 480 2192 uide
499 2161 607 2192 etiam
626 2169 669 2192 111
689 2162 728 2192 81
749 2164 784 2192 et
804 2160 849 2192 ad
868 2169 911 2192 m
932 2161 994 2192 178
1013 2160 1194 2192 adnotata.
1238 2160 1456 2193 Manethonis
1484 2161 1639 2193 uersibus

103 2210 283 2242 addendus
300 2219 343 2241 111
359 2212 390 2242 5.

147 2263 188 2294 61
205 2264 241 2293 et
262 2264 303 2295 ’73
321 2262 408 2294 Vitr.
429 2271 458 2293 11
478 2264 493 2294 1
516 2263 535 2294 6
554 2272 651 2294 cum.
669 2287 676 2294 .
695 2287 701 2294 .
717 2263 862 2295 sollertia
881 2262 1017 2303 inqenia
1036 2262 1208 2295 exercendo
1224 2273 1284 2303 per
1302 2263 1572 2295 consuetudinem
1595 2263 1638 2295 ad

101 2315 187 2343 artes
201 2313 440 2352 peruenissent.

147 2365 189 2396 68
204 2374 314 2395 nouus
329 2364 450 2396 eodem
467 2375 568 2396 sensu
585 2373 599 2395 1
616 2366 657 2396 76
673 2368 709 2396 et
726 2374 748 2396 v
765 2366 840 2397 377.

149 2416 191 2448 ’75
214 2414 364 2446 latitabat
381 2415 601 2447 Burmannus
619 2416 713 2448 misc.
731 2416 805 2447 obs.
824 2425 837 2446 1
854 2426 886 2457 p.
906 2417 958 2447 86.

145 2467 187 2498 76
209 2465 254 2496 ad
270 2466 426 2497 immotus
441 2466 635 2498 Gronouius
651 2466 724 2498 obs.
742 2475 785 2497 111
799 2478 828 2498 c.
848 2468 887 2498 15
903 2467 1037 2498 confert
1052 2466 1130 2498 Sen.
1147 2477 1237 2499 suas.
1254 2475 1268 2498 1
1283 2468 1302 2498 2
1320 2467 1484 2507 inayitata
1498 2467 1636 2507 remiqio

99 2515 264 2548 uastitas:
296 2517 385 2549 adde
406 2517 506 2549 Ouid.
527 2528 634 2549 amor.
655 2526 684 2548 11
705 2519 741 2549 11
764 2519 783 2548 5
803 2527 844 2548 ne
861 2517 937 2558 quis
955 2528 1042 2549 remo
1055 2517 1144 2559 freta
1162 2518 1259 2558 lonqa
1278 2522 1429 2556 moueret,
1450 2518 1532 2551 Luc.
1553 2528 1596 2549 111
1615 2520 1634 2550 2

97 2569 183 2598 rates
207 2577 336 2599 mouere
356 2568 574 2609 profundum,
599 2577 623 2599 v
647 2570 711 2600 448
735 2579 786 2609 sq.
812 2568 932 2600 classes
948 2593 955 2600 .
973 2593 980 2600 .
997 2593 1004 2600 .
1021 2569 1142 2600 inertia
1166 2569 1270 2600 tonsis
1289 2568 1293 2611 Ι
1311 2579 1452 2610 aequora
1476 2573 1633 2606 moturae,

100 2617 175 2649 Val.
201 2617 252 2649 Fl.
279 2627 302 2649 v
326 2620 369 2649 44
394 2629 444 2659 sq.
474 2629 534 2650 nos
561 2619 632 2650 ulla
659 2619 863 2651 monebimus
890 2619 978 2650 ultra
997 2618 1001 2662 Ι
1019 2630 1171 2660 aequora,
1199 2621 1235 2652 in
1263 2630 1330 2661 quo
1358 2620 1443 2658 loco,
1473 2624 1513 2651 ut
1540 2620 1633 2662 apud

98 2668 290 2707 Manilium,
318 2672 394 2701 tam
424 2670 604 2702 commode
631 2670 730 2701 abest
757 2670 856 2701 remis
884 2680 990 2711 quam
1016 2674 1126 2702 aratro
1154 2671 1235 2703 Luc.
1264 2680 1304 2702 1x
1331 2672 1394 2703 437
1424 2671 1582 2702 inmotis.
1600 2695 1634 2702 ..

97 2718 241 2750 harenis.
288 2721 410 2752 eadem
430 2721 581 2752 uarietas
602 2721 701 2762 Verg.
723 2731 835 2762 georg.
858 2730 900 2753 111
920 2723 995 2760 416,
1017 2722 1078 2753 ubi
1098 2722 1244 2753 immotis
1264 2722 1363 2762 ΜΡΎ,
1386 2722 1507 2762 iqnotis
1527 2722 1569 2759 R,
1592 2725 1631 2753 ut

97 2771 265 2812 suspicari
277 2771 380 2803 liceat
393 2771 524 2812 iynotus
536 2783 556 2803 a
569 2782 674 2804 manu
687 2773 707 2803 2
721 2773 756 2804 in
771 2772 807 2804 M
822 2773 955 2804 uenisse
970 2785 978 2810 3
1008 2783 1232 2814 quamquam,
1247 2773 1340 2814 quod
1356 2783 1434 2805 eam
1448 2773 1632 2805 lectionem

100 2821 306 2853 deteriorem
322 2832 394 2854 esse
407 2823 541 2864 negaui,
555 2823 633 2855 uide
648 2823 748 2855 Ouid.
765 2826 846 2854 met.
862 2832 875 2855 1
890 2825 952 2856 134
960 2823 1119 2865 fluctibus
1132 2824 1253 2864 iynotis
1267 2824 1469 2855 insultauere
1486 2823 1630 2855 carinae.
