1855 3088
583 102 1064 145 ASTRONOMICON
1095 102 1136 144 V
1568 105 1621 144 33

255 214 538 270 gaudebitque
556 228 670 255 mero
690 219 932 270 mergetque
951 215 995 255 in
1014 214 1165 270 pocula
1184 218 1383 256 mentem.

252 303 326 330 nec
346 289 481 330 solum
500 293 634 330 terrae
654 303 772 343 spem
791 289 932 330 credet
951 289 995 330 in
1014 303 1155 330 annua
1174 293 1278 330 uota
1298 303 1305 330 :

253 377 443 404 annonae
463 377 630 418 quoque
649 362 830 417 uectigal
848 377 1088 417 mercesque
1108 368 1306 418 sequetur

252 437 472 491 praecipue
493 451 597 491 quas
616 451 737 478 umor
756 437 832 478 alit
851 451 927 477 nec
947 437 1100 478 deserit
1118 437 1246 478 unda.

129 518 197 550 250
251 511 348 552 talis
367 510 535 565 effinget
554 511 698 552 Crater
717 511 873 552 umoris
893 516 1070 552 amator.

303 585 390 626 iam
408 584 523 626 subit
542 584 734 639 Erigone.
792 599 899 639 quae
920 599 1016 626 cum
1035 584 1115 626 tibi
1134 584 1319 639 quinque
1338 584 1495 626 feretur

252 659 442 714 partibus
463 659 615 713 ereptis
634 664 778 713 pont0,
800 659 1002 700 tollentur
1021 659 1074 699 ab
1094 659 1218 700 undis

251 733 362 774 clara
381 733 641 774 Ariadnaeae
662 733 876 788 quondam
895 738 1170 774 monumenta
1190 747 1366 774 coronae

250 812 294 848 et
312 807 448 848 mollis
466 807 655 848 tribuent
675 812 798 849 artes.
855 807 952 848 hinc
972 808 1084 848 dona
1102 807 1265 861 puellae

125 888 192 919 255
247 896 429 936 namque
448 881 599 931 nitent,
620 881 732 923 illinc
753 881 887 923 oriens
907 886 971 923 est
990 881 1081 936 ipsa
1100 881 1251 936 puella.

87 1045 125 1085 G,
147 1045 301 1087 frugibus
322 1046 395 1078 LM.
436 1046 593 1087 fraqibus
615 1047 650 1078 in
672 1047 736 1079 hac
759 1047 932 1078 sententia
954 1046 1014 1078 uix
1035 1050 1152 1088 potest
1174 1046 1220 1078 ad
1241 1048 1391 1087 segetem
1414 1046 1490 1078 uuis
1512 1046 1616 1078 inter-

85 1098 188 1130 sitam
206 1098 321 1129 referri
337 1110 343 1128 :
376 1101 492 1139 potest
510 1108 572 1139 pro
590 1098 671 1129 uitis
689 1098 805 1129 fructu
823 1098 916 1139 poni,
937 1101 977 1129 ut
994 1098 1089 1139 apud
1108 1097 1332 1129 Columellam
1351 1106 1394 1128 ΠΙ
1414 1099 1428 1128 l
1451 1098 1469 1128 7
1488 1100 1523 1128 et
1541 1097 1617 1129 aliis

84 1148 188 1185 loeis;
223 1149 282 1180 sed
302 1152 394 1179 recte
414 1149 536 1190 opinor
556 1148 726 1189 Scaligero
747 1149 833 1180 duce
847 1149 1015 1190 fructibus
1035 1152 1075 1180 ut
1096 1149 1204 1190 magis
1225 1148 1403 1190 proprium
1423 1151 1459 1179 et
1480 1149 1616 1180 acutius

86 1200 218 1231 dictum
251 1200 451 1241 praeferunt
540 1199 673 1231 fruetur
706 1199 866 1241 Scaliger,
899 1199 1037 1231 fouetur
1069 1199 1147 1231 libri
1239 1201 1302 1232 246
1335 1200 1465 1240 merget
1497 1198 1615 1237 GL2M,

86 1250 207 1291 mergit
234 1250 260 1282 L
350 1252 502 1282 mentem
535 1250 637 1289 GLM,
672 1253 829 1282 mentum
863 1251 937 1282 cod.
968 1251 1132 1288 Venetus,
1167 1251 1261 1291 quod
1296 1251 1324 1282 si
1352 1251 1387 1281 in
1415 1250 1452 1281 M
1480 1253 1616 1282 extaret

85 1303 292 1343 arriperetur
383 1304 446 1335 247
467 1303 576 1333 terrae
598 1301 678 1340 GL2,
700 1303 790 1333 terra.
810 1301 874 1333 LM
964 1302 1002 1333 in
1022 1312 1139 1333 annua
1160 1305 1248 1338 uota,
1271 1304 1311 1333 ut
1332 1302 1407 1332 uoti
1428 1302 1616 1342 quotannis

84 1354 235 1393 suscepti
264 1353 448 1384 damnetur
539 1355 603 1386 248
632 1353 837 1394 publicanus
867 1353 927 1385 fiet
957 1356 992 1384 et
1021 1353 1189 1384 frumenti
1219 1353 1382 1384 decumas
1411 1353 1526 1393 exiget

131 1406 194 1436 249
209 1404 418 1435 mercabitur
432 1404 529 1435 uerbi
544 1415 648 1436 causa
661 1415 835 1446 papyrum
849 1404 905 1435 uel
919 1405 1091 1445 spongias.
1120 1404 1200 1435 uide
1214 1405 1279 1435 408
1294 1404 1425 1435 institor
1440 1414 1616 1443 aequoreae

83 1479 89 1486 .
110 1479 117 1486 .
138 1479 144 1486 .
164 1455 280 1486 mercis
371 1458 434 1489 250
458 1457 567 1487 crater
589 1455 743 1487 humoris
766 1455 848 1487 Vrb.
875 1456 939 1487 668
962 1458 998 1487 et
1022 1455 1134 1492 BodL,
1159 1457 1330 1486 craterum
1352 1454 1457 1486 moris
1481 1454 1615 1495 (mortis

84 1505 122 1544 G,
146 1515 257 1538 mores
280 1506 380 1546 Ven.)
404 1506 495 1538 GLM
518 1507 592 1538 cod.
616 1507 768 1538 Venetus
859 1509 1012 1540 251-292
1035 1517 1114 1538 cum
1136 1506 1276 1547 Virgine
1298 1507 1455 1542 orientia,
1480 1506 1614 1538 Corona

81 1560 116 1589 et
143 1557 245 1598 Spica
335 1559 487 1590 251—269
514 1568 593 1589 cum
620 1559 744 1599 quinta
770 1558 918 1599 Virginis
945 1560 1045 1599 parte
1073 1558 1182 1589 oritur
1209 1557 1364 1589 Corona:
1407 1568 1486 1588 cum
1513 1560 1613 1598 parte

81 1635 187 1658 xxvn
206 1627 312 1668 Hipp.
333 1636 361 1658 II
380 1629 400 1658 5
423 1628 442 1658 2
535 1629 597 1661 251
617 1626 678 1659 tibi
697 1611 750 1668 (t),
771 1627 959 1664 Bentleius,
978 1629 1030 1659 ter
1049 1618 1090 1667 (t)
1110 1627 1198 1664 libri,
1218 1637 1301 1667 quae
1319 1626 1451 1666 quando
1469 1627 1614 1667 quinque

80 1677 238 1719 Scaliger.
286 1688 398 1719 neque
419 1679 543 1719 quinta
564 1678 698 1710 decima
719 1689 798 1720 pars
820 1679 990 1710 decimam
1011 1689 1113 1709 uersu
1134 1679 1198 1710 270
1221 1679 1388 1709 orituram
1410 1678 1613 1719 praecedere

76 1732 193 1770 potest
214 1732 249 1761 et
270 1730 431 1770 quintam
452 1729 507 1760 hic
529 1730 663 1761 inuenit
684 1730 852 1761 Firmicus
873 1738 941 1761 VIII
964 1731 1000 1761 11
1028 1731 1042 1760 l
1068 1729 1106 1761 in
1132 1729 1283 1769 Viryinis
1302 1732 1397 1769 parte
1425 1734 1450 1760 V
1466 1729 1612 1760 exoritur

80 1780 210 1811 Corona
299 1779 427 1812 feretur
452 1781 761 1822 Regiomontanus‚
787 1781 946 1813 feruntur
971 1781 1050 1812 libri
1143 1783 1206 1814 253
1233 1779 1325 1812 clara
1348 1780 1508 1821 Scaliger,
1532 1789 1613 1812 cara.

79 1831 166 1863 libri.
216 1831 353 1863 Baccho
382 1842 461 1863 cara
490 1835 716 1863 monumenta
744 1835 837 1869 sunt,
867 1832 923 1863 ille
952 1842 1034 1863 uero
1062 1842 1132 1863 non
1161 1834 1474 1868 commemoratur;
1516 1832 1611 1872 quod

79 1885 198 1914 autem
221 1893 347 1914 corona
370 1883 445 1923 ipsa
469 1884 620 1923 pretiosa
645 1884 788 1914 materie
812 1884 891 1920 fuit,
915 1883 1096 1922 Ἡφαίστου
1122 1885 1214 1923 ἕρ-γον
1241 1886 1275 1914 ἐκ
1299 1884 1419 1923 χρυσοῦ
1444 1885 1609 1922 πυρώδουσ

81 1935 132 1964 καὶ
160 1935 256 1964 λίθων
286 1934 427 1964 Ἰνδικῶν
455 1933 551 1964 Erat.
578 1937 701 1965 catast.
727 1935 758 1971 5,
787 1934 822 1965 id
849 1934 913 1965 hoc
940 1933 1026 1970 loco,
1050 1933 1111 1965 ubi
1138 1933 1180 1965 de
1206 1933 1331 1964 florum
1357 1934 1456 1964 sertis
1484 1934 1609 1974 agitur,

77 1984 292 2016 reticendum
322 1985 439 2025 potius
473 1994 580 2025 quam
611 1985 874 2025 significandum
905 1988 989 2016 erat.
1038 1993 1052 2015 1
1083 1985 1147 2017 319
1178 1984 1265 2016 claro
1283 2008 1290 2015 .
1310 1984 1435 2015 ..orbe
1467 1984 1609 2022 Corona,

77 2035 174 2067 Arab-
201 2036 239 2067 71
266 2045 315 2076 sq.
342 2037 522 2075 Στέφανοσ,
550 2038 604 2067 τὸν
629 2038 767 2076 ἀγαυὸν
793 2038 884 2075 ἔθηκε
906 2034 910 2079 Ι
931 2036 1013 2074 σῆμ’
1040 2038 1145 2074 ἔμεναι
1170 2037 1328 2067 Διόνυσοο·
1352 2037 1607 2075 ἁποιχομένησ

80 2086 261 2127 Ἀριάδνησ,
304 2097 391 2127 quos
432 2098 551 2118 uersus
593 2087 753 2119 Manilius
795 2088 1054 2129 interpretatur,
1098 2087 1210 2118 Germ.
1254 2087 1377 2128 phaen.
1422 2088 1460 2118 71
1501 2087 1609 2119 clara

77 2137 303 2169 Ariadnaeo
330 2141 490 2169 sacrata-st
513 2138 587 2178 iqne
612 2138 753 2176 Corona,
780 2139 880 2171 Ouid.
906 2139 976 2170 her.
1003 2147 1097 2169 XVIII
1123 2139 1181 2169 151
1209 2138 1333 2169 claram
1350 2162 1357 2169 .
1378 2162 1384 2169 .
1405 2162 1411 2169 .
1431 2138 1606 2176 Coronam,

77 2189 166 2220 trist.
185 2197 208 2219 v
224 2190 243 2220 3
260 2190 302 2219 42
393 2188 552 2221 ariadnee
568 2189 619 2228 L2,
637 2189 839 2221 adriadneae
853 2189 917 2228 GL,
932 2189 1093 2221 ariadnae
1108 2189 1154 2221 M.
1202 2189 1414 2220 Ariadnaeae
1429 2189 1606 2229 quondam,

76 2249 182 2280 quam
212 2240 248 2271 in
277 2241 352 2272 uita
382 2244 542 2281 gesserat.
593 2241 692 2273 Ouid.
725 2242 804 2272 fast.
838 2250 881 2272 ΠΙ
911 2242 974 2273 513
1006 2244 1080 2272 tuae
1110 2240 1332 2280 (Ariadnes).
1352 2240 1608 2272 ..monimenta

76 2300 213 2322 coronae
304 2293 368 2324 254
392 2293 456 2325 255
484 2291 572 2323 dona
597 2292 741 2332 puellae,
770 2303 823 2324 res
852 2292 986 2333 puellae
1015 2292 1156 2328 donata,
1186 2291 1359 2323 Ariadnae
1387 2291 1533 2323 nubenti
1561 2292 1606 2324 ab

77 2341 181 2373 Horis
196 2345 230 2373 et
244 2342 375 2374 Venere
390 2343 486 2374 Erat.
503 2346 626 2375 catast.
643 2345 674 2381 5,
689 2343 781 2375 Man.
797 2352 820 2375 v
834 2345 872 2375 21
890 2343 1103 2375 Ariadnaeae
1116 2342 1267 2374 caelestia
1281 2342 1368 2374 dona
1381 2352 1518 2374 coronae

121 2392 198 2433 ipsa
214 2393 339 2433 puella,
363 2394 444 2425 ‘the
462 2405 587 2435 person
606 2395 641 2426 of
659 2405 680 2426 a
699 2395 793 2426 maid
809 2394 829 2432 '‚
849 2405 889 2425 ea
908 2395 983 2435 ipsa
1001 2404 1053 2426 res
1072 2404 1161 2435 quae
1180 2394 1304 2425 Latine
1321 2393 1436 2435 puella
1455 2394 1605 2435 appella-

75 2445 156 2480 tur3
193 2444 305 2485 qualis
328 2448 380 2476 est
404 2445 569 2486 Erigones
592 2445 710 2477 sideris
733 2446 846 2477 forma
936 2445 1023 2482 hinc,
1048 2456 1069 2476 a
1091 2448 1190 2486 parte
1213 2445 1486 2487 septentrionali,
1510 2445 1605 2477 illinc

74 2504 181 2536 prope
209 2499 455 2536 aequatorem;
497 2506 583 2537 quas
606 2496 794 2538 particulas
817 2497 1092 2537 Wageningenus
1113 2496 1287 2536 primum.
1308 2520 1315 2528 .
1335 2520 1342 2527 .
1360 2496 1477 2528 deinde
1500 2497 1605 2528 inter-

75 2548 244 2586 pretatur,
277 2547 383 2577 etiam
415 2547 597 2579 absurdius
629 2548 813 2579 Breiterus.
862 2547 942 2579 uide
975 2549 1014 2578 12
1047 2551 1082 2579 et
1115 2548 1155 2579 19
1247 2550 1310 2581 255
1341 2556 1490 2588 namque
1522 2547 1602 2586 GL2,

73 2604 156 2627 nam
181 2605 248 2636 qua
273 2597 346 2629 LM.
393 2608 534 2638 namque
559 2601 600 2630 ut
624 2599 679 2630 hic
705 2601 842 2639 quarto,
869 2599 920 2630 ita
945 2598 1069 2630 Catull.
1097 2599 1138 2630 66
1165 2599 1206 2630 65
1232 2599 1367 2640 quinto,
1394 2598 1493 2639 Verg.
1523 2598 1599 2630 buc.

73 2655 86 2677 1
107 2648 147 2678 14
166 2650 264 2678 sexto
282 2647 357 2679 loco
373 2649 526 2689 positum
543 2652 595 2680 est
685 2649 794 2680 oriens
813 2653 869 2686 est,
886 2649 966 2681 uide
982 2650 1027 2681 ad
1043 2658 1056 2680 I
1072 2651 1136 2681 858
1153 2653 1188 2681 et
1204 2658 1247 2680 111
1262 2651 1325 2682 332
1343 2649 1512 2681 adnotata

164 2700 316 2731 256-269
341 2699 426 2730 facit
452 2699 584 2731 Corona
610 2700 790 2732 hortorum
816 2700 975 2738 cultores,
1003 2702 1208 2738 coronarios,
1235 2701 1492 2742 unguentarios,
1520 2700 1602 2732 deli-

74 2751 180 2780 catos.
229 2749 382 2781 Maneth.
412 2759 441 2781 11
468 2752 575 2782 325—7
605 2751 721 2783 Venus
749 2752 785 2783 in
812 2751 971 2783 Mercurii
999 2753 1102 2793 signis
1132 2753 1294 2793 (quorum
1322 2752 1470 2783 alterum
1498 2752 1603 2793 Virgo

72 2800 138 2840 est)
160 2803 192 2831 ἐν
210 2802 367 2833 πετάλοισ
383 2803 619 2842 στεφανώματα
636 2805 864 2834 ποικίλλοντασ
882 2827 888 2833 .
905 2828 912 2834 .
928 2828 935 2834 .
955 2805 1092 2842 εὐόδμων
1109 2816 1144 2835 τε
1160 2806 1264 2845 μύρων
1280 2805 1385 2843 τεῦξεν
1400 2804 1601 2844 τεχνήτορασ

830 2866 849 2888 C
