1855 3088
163 115 218 153 58
754 112 815 154 M.
849 112 1100 155 MANILII

198 233 267 264 440
323 225 590 283 alternosque
609 225 721 266 cient
740 230 895 275 motus,
917 225 1082 266 delatus
1102 229 1146 266 et
1164 224 1231 266 ille

323 314 434 341 nunc
453 300 563 341 iacet
582 305 712 354 atque
731 299 855 341 huius
875 314 974 340 casu
994 299 1264 354 suspenditur
1283 299 1363 349 ille,

321 375 564 415 membraue
584 389 658 429 per
676 375 869 415 flammas
889 374 1093 429 orbesque
1113 373 1263 415 emissa
1282 373 1512 428 flagrantis,

196 456 265 486 444
322 463 429 503 quae
449 449 647 503 delphina
668 463 742 490 suo
763 464 837 503 per
856 449 979 489 inane
999 448 1213 489 imitantia
1232 453 1353 489 motu

196 531 264 562 443
320 523 502 564 molliter
521 528 570 564 ut
590 523 759 578 liquidis
778 538 852 578 per
871 523 1049 564 humum
1068 527 1285 577 ponuntur
1304 522 1348 563 in
1366 521 1491 563 undis

196 605 264 635 445
321 602 364 639 et
382 598 560 639 uiduata
580 598 729 639 uolant
747 598 886 652 pinnis
907 603 950 639 et
968 598 1013 639 in
1032 612 1126 639 aere
1145 597 1311 638 ludunt.

321 677 379 722 at,
402 673 436 713 si
455 672 651 714 deficient
670 678 795 722 artes,
816 672 1052 714 remanebit
1070 672 1114 713 in
1133 672 1213 713 illis

320 747 515 788 materies
535 752 681 788 tamen
700 752 803 802 apta
823 762 830 797 ;
867 747 989 788 dabit
1008 752 1162 788 natura
1180 746 1368 800 uigorem

321 826 450 877 atque
470 821 626 863 alacres
647 836 790 863 cursus
811 836 1044 876 campoque
1064 821 1254 862 uolantia
1273 819 1476 862 membra.

160 928 263 969 SagL,
281 929 349 960 uol.
367 938 404 960 IV
421 940 453 970 p.
473 930 537 961 256
554 930 626 961 tab.
646 930 743 967 5439,
760 940 830 961 non
847 932 930 971 apto
946 929 1022 960 loco
1038 931 1147 966 extat,
1170 939 1252 960 nam
1273 927 1441 959 oscillatio
1461 938 1531 959 non
1551 929 1605 958 est

204 982 268 1013 440
281 989 345 1021 que
359 979 423 1019 GL,
438 991 504 1012 om.
519 980 555 1012 M
647 983 709 1013 441
722 989 815 1012 nunc
827 980 864 1019 L,
877 981 969 1012 hunc
982 980 1029 1018 M,
1042 980 1110 1011 huc
1123 979 1161 1018 G,
1175 979 1270 1020 quod
1282 989 1498 1020 quamquam
1512 977 1693 1009 Bentleius

159 1032 300 1072 recepit,
318 1041 388 1072 quo
406 1032 575 1063 referatur
592 1042 661 1063 non
679 1035 741 1063 est.
790 1032 915 1063 elatus
934 1056 940 1062 .
961 1055 968 1062 .
988 1056 995 1062 .
1014 1041 1103 1062 nune
1129 1030 1289 1071 Scaliger,
1315 1031 1351 1061 in
1376 1040 1446 1071 qua
1470 1029 1617 1061 lectione
1642 1038 1693 1060 re-

158 1083 307 1123 quiritur
335 1093 397 1114 nec
425 1083 527 1114 facile
555 1083 697 1114 auditur
723 1083 845 1123 prius;
888 1083 1088 1123 Postgatius
1117 1082 1192 1113 silu.
1223 1082 1315 1113 Man.
1346 1092 1379 1123 p.
1410 1082 1452 1113 50
1481 1080 1609 1112 delatus
1628 1103 1635 1111 .
1655 1103 1662 1111 .
1681 1103 1690 1111 .

158 1133 263 1170 huic,
281 1134 316 1164 id
338 1137 390 1165 est
409 1134 448 1165 ab
467 1134 535 1171 hoc,
553 1145 632 1165 cum
651 1138 770 1165 tamen
792 1135 932 1165 inferior
952 1144 1022 1165 non
1044 1133 1185 1164 alterius
1207 1133 1356 1164 elatione
1377 1132 1437 1164 sed
1458 1142 1520 1164 suo
1541 1131 1693 1173 pondere

159 1185 323 1222 defertur,
352 1195 422 1226 quo
450 1186 556 1217 etiam
584 1185 681 1216 illum
710 1185 857 1217 extollit.
906 1186 991 1216 mihi
1018 1186 1117 1216 unice
1145 1185 1353 1216 concinnum
1380 1187 1416 1215 et
1443 1193 1552 1225 paene
1579 1192 1693 1214 neces-

158 1236 287 1267 sarium
311 1237 450 1268 uidetur
479 1236 605 1268 elatus
634 1240 662 1268 et
691 1240 779 1268 ante
808 1235 812 1279 Ι
840 1247 930 1268 nunc
952 1237 1043 1267 iacet.
1092 1236 1135 1267 de
1157 1235 1286 1277 duplici
1307 1235 1362 1266 ille
1383 1235 1419 1266 in
1440 1234 1508 1266 fine
1528 1243 1693 1266 uersuum

158 1288 272 1329 posito
290 1287 369 1318 uide
387 1288 432 1318 ad
450 1297 477 1318 ΙΙ
494 1289 558 1319 523
576 1288 758 1325 adnotata,
777 1288 904 1328 quibus
923 1287 1104 1318 adicienda
1122 1290 1204 1318 sunt
1221 1297 1311 1328 quae
1329 1286 1401 1317 dixi
1418 1286 1463 1317 ad
1479 1294 1522 1317 111
1538 1286 1603 1316 458

204 1341 268 1371 442
299 1339 389 1370 Petr.
420 1340 461 1370 53
492 1342 528 1371 ll
557 1339 789 1379 petauristarii
816 1343 925 1370 autern
956 1338 1087 1370 tandem
1117 1342 1289 1369 uenerunt.
1337 1337 1413 1369 baro
1443 1336 1694 1368 insulsissimus

159 1400 234 1421 cum
250 1390 350 1421 scalis
366 1391 511 1421 constitit
524 1401 730 1431 puerumque
747 1391 846 1421 iussit
860 1401 919 1431 per
935 1390 1057 1430 qradus
1074 1394 1102 1421 et
1119 1390 1156 1421 in
1171 1400 1304 1421 summa
1318 1393 1414 1430 parte
1428 1389 1547 1420 odaria
1561 1388 1693 1426 saltare,

159 1441 298 1473 circulos
317 1442 433 1473 deinde
452 1442 600 1473 ardentes
620 1442 798 1473 transilire.
847 1443 914 1474 huc
933 1445 1070 1483 spectat
1089 1443 1195 1473 etiam
1214 1441 1316 1472 Mart.
1338 1450 1378 1472 XI
1396 1442 1436 1472 21
1458 1441 1478 1472 3
1497 1444 1568 1471 rota
1587 1443 1692 1471 tram-

160 1493 261 1524 misso
278 1493 394 1524 totiens
414 1493 537 1525 intacta
556 1495 601 1534 (α,
622 1494 757 1534 inpacta
773 1497 831 1535 βὙ,
851 1504 920 1534 quo
940 1493 1025 1525 nihil
1044 1504 1064 1525 a
1083 1493 1229 1524 laxitate
1247 1496 1345 1524 rotae
1365 1492 1522 1532 alienius)
1540 1495 1693 1532 petauro,

158 1555 248 1585 quae
270 1545 377 1575 uerba
399 1544 499 1576 aliter
521 1545 685 1586 explicari
706 1548 885 1586 nequeunt
907 1555 1014 1586 quam
1036 1545 1063 1576 si
1085 1548 1155 1575 rota
1177 1554 1239 1585 pro
1262 1543 1400 1581 circulo,
1420 1546 1581 1583 petaurus
1604 1552 1692 1574 mas-

158 1596 272 1627 culino
292 1606 413 1636 genere
434 1607 496 1637 pro
516 1597 709 1637 petaurista
730 1597 898 1637 accipitur
990 1598 1054 1628 444
1074 1598 1156 1627 ante
1177 1597 1241 1628 443
1261 1595 1429 1626 collocaui
1521 1596 1585 1627 444
1605 1602 1693 1634 quae

157 1646 317 1688 delphina
337 1647 366 1686 *,
389 1647 651 1688 delphinamque
672 1647 745 1685 LM,
768 1647 1031 1688 delphinumque
1053 1646 1091 1678 G.
1138 1650 1286 1687 utroque
1307 1647 1457 1683 nomine,
1480 1645 1693 1686 Delphinum

158 1702 193 1730 et
223 1698 406 1739 Delphina,
437 1699 660 1730 Germanicus
689 1699 783 1730 sidus
812 1698 1003 1740 appellauit
1031 1698 1154 1739 phaen.
1186 1699 1261 1734 321,
1292 1698 1367 1734 613,
1398 1698 1485 1734 691;
1526 1696 1582 1728 hic
1610 1706 1693 1727 uero

158 1751 275 1791 potius
304 1750 432 1781 animal
461 1753 524 1787 est,
553 1751 589 1781 in
617 1760 687 1791 quo
715 1750 884 1791 Vergilius
912 1760 1061 1790 eumque
1089 1750 1198 1781 secuti
1226 1752 1350 1790 poetae
1378 1748 1533 1789 plerique
1561 1747 1693 1779 Graeca

160 1812 244 1833 uoce
274 1802 327 1832 uti
359 1801 565 1832 maluerunt.
615 1802 674 1833 sed
705 1801 782 1833 ideo
813 1802 943 1832 nouaui
972 1801 1155 1832 lectionem
1188 1810 1394 1840 uersumque
1424 1799 1622 1840 transposui
1652 1801 1693 1830 ut

160 1853 325 1884 orationis
349 1856 561 1885 structuram
584 1854 820 1894 reciperarem,
845 1862 951 1893 quam
974 1853 1010 1884 in
1033 1852 1097 1888 his,
1121 1851 1317 1883 adnumeres
1340 1851 1412 1882 licet
1434 1860 1571 1891 corpora
1593 1860 1692 1881 mem-

159 1904 259 1935 braue
281 1908 465 1945 ponuntur,
491 1904 622 1935 nullam
647 1915 719 1935 esse
743 1904 891 1935 editores
916 1914 986 1935 non
1011 1903 1319 1934 animaduertunt:
1359 1902 1493 1933 accedit
1517 1905 1557 1933 ut
1581 1901 1694 1933 multo

160 1955 281 1987 melius
302 1956 337 1987 in
358 1957 423 1987 445
445 1956 539 1996 prius
561 1959 590 1986 et
611 1965 749 1986 uersum
771 1955 1003 1996 superioribus
1025 1955 1191 1986 adnectat
1212 1964 1318 1995 quam
1340 1953 1440 1985 alteri
1460 1953 1692 1994 respondeat3

160 2017 203 2039 ne
221 2008 298 2048 quis
316 2007 513 2043 relatiuum‚
533 2017 603 2048 quo
622 2017 708 2048 opus
727 2010 790 2043 est,
810 2007 924 2038 uersui
941 2007 1005 2037 442
1025 2007 1149 2037 inferre
1167 2006 1267 2037 malit
1285 2005 1372 2036 orbis
1390 2015 1473 2045 quae
1490 2004 1596 2036 missa
1613 2005 1693 2036 scri-

160 2059 283 2090 bendo.
332 2069 495 2089 uersuum
526 2058 810 2090 inuertendorum
841 2068 982 2089 causam
1012 2058 1117 2089 fuisse
1147 2058 1301 2098 suspicor
1328 2067 1388 2097 per
1419 2055 1627 2097 particulam
1656 2056 1694 2087 in

159 2110 280 2141 eadem
302 2110 482 2150 utriusque
503 2113 602 2150 parte
623 2112 813 2141 extantem.
862 2119 1078 2150 quamquam
1099 2119 1213 2140 rerum
1235 2108 1318 2140 ordo
1340 2108 1493 2149 optimus
1514 2107 1569 2139 hic
1591 2110 1692 2145 esset,

159 2161 345 2192 membraue
363 2185 369 2192 .
386 2185 392 2192 .
409 2185 415 2192 .
434 2162 498 2192 445
528 2171 623 2201 quae
663 2160 805 2191 uiduata
823 2185 829 2191 .
846 2185 852 2191 .
869 2185 876 2192 .
894 2162 959 2191 444
1000 2160 1257 2200 delphinumque
1275 2183 1281 2191 .
1302 2184 1308 2190 .
1329 2183 1336 2190 .
1354 2161 1419 2191 443
1460 2158 1599 2190 molliter
1612 2182 1619 2190 .
1635 2182 1643 2190 .
1661 2169 1689 2190 .:

160 2213 310 2244 mutatio
340 2213 448 2244 maior
476 2223 538 2243 nec
567 2216 689 2253 aperta
717 2213 838 2243 erroris
867 2213 956 2243 ratio
1047 2220 1109 2243 suo
1127 2235 1134 2242 .
1155 2209 1379 2242 ..imitantia
1406 2211 1504 2242 motu
1532 2209 1692 2251 Scaliger,

160 2272 265 2295 suos.
286 2287 292 2294 .
313 2287 319 2294 .
338 2263 496 2294 natantia
527 2265 685 2303 (natanta
716 2263 765 2302 M)
798 2265 912 2294 motus
943 2262 1021 2294 libri
1113 2264 1176 2295 443
1208 2261 1355 2293 molliter
1387 2260 1462 2300 GM,
1494 2260 1624 2293 tollitur
1655 2260 1692 2299 L,

160 2314 313 2346 mollitur
338 2316 419 2355 (om.
446 2316 498 2354 ut)
525 2315 599 2345 cod.
628 2315 780 2346 Venetus
873 2316 936 2347 445
961 2313 1103 2345 uiduata.
1128 2313 1193 2352 GL,
1219 2312 1340 2344 uiduat
1363 2311 1399 2344 M
1488 2311 1526 2343 in
1550 2320 1627 2344 aere
1653 2310 1692 2350 G,

160 2374 238 2397 aere
254 2365 290 2404 L,
308 2365 422 2397 inacre
438 2365 474 2397 M
564 2366 730 2397 Manetho
746 2374 785 2396 VI
800 2366 864 2397 443
881 2375 931 2405 sq.
951 2367 1146 2403 ἱπταμένουσ
1166 2367 1271 2403 ’γυίοισ
1292 2366 1471 2403 ἐναλίγκιον
1492 2365 1668 2404 ὀρνίθεσσιν
1684 2360 1689 2405 1

161 2419 378 2452 πιλναμένουσ
412 2430 447 2447 τε
482 2419 633 2456 νέφεσσιν
668 2417 719 2448 ἐπ’
753 2418 916 2455 ἡνεμόεντι
952 2420 1091 2456 πετεύρῳ
1128 2415 1232 2456 (adde
1266 2424 1289 2446 V
1322 2417 1383 2446 147
1415 2415 1458 2446 de
1486 2413 1693 2446 funambulo

160 2468 294 2499 dietum
318 2467 446 2508 Ἴκαρον
484 2471 618 2508 αἰθέριον
651 2468 817 2508 πτερύγων
849 2469 923 2507 δίχα
957 2470 1008 2499 καὶ
1041 2470 1116 2507 δίχα
1152 2468 1271 2507 κηροῦ),
1307 2466 1399 2497 Fest.
1436 2476 1469 2507 p.
1506 2466 1570 2497 206
1605 2466 1693 2497 26-8

158 2519 361 2559 petauristas
391 2519 546 2550 Lucilius
576 2530 597 2550 a
626 2522 759 2559 peteuro
789 2519 974 2559 appellatos
1004 2519 1192 2549 eoeistimare
1223 2517 1365 2555 uidetur,
1396 2527 1473 2548 cum
1502 2516 1551 2548 ait
1583 2516 1590 2529 ‘
1606 2516 1693 2548 sicut
1736 2534 1740 2536 >

160 2569 343 2601 mechanici
365 2580 440 2601 cum
463 2570 527 2601 alto
551 2570 692 2601 exiluere
712 2570 878 2610 peteuro’,
902 2573 935 2601 at
958 2569 1077 2601 Aelius
1100 2569 1184 2600 Stilo
1207 2568 1292 2609 quod
1315 2569 1353 2600 in
1375 2579 1447 2600 aere
1473 2567 1594 2605 uolent,
1617 2577 1693 2599 cum

159 2621 207 2652 ait
237 2621 443 2661 ‘petaurista
466 2621 602 2661 proprie
630 2621 748 2652 Graece
776 2621 847 2651 ideo
874 2620 959 2660 quod
986 2621 1016 2652 is
1051 2622 1133 2661 πρὸσ
1167 2622 1242 2660 ἀέρα
1276 2622 1410 2651 πέταται
1423 2619 1444 2657 ’,
1471 2619 1605 2650 Muson.
1634 2628 1690 2660 ap.

160 2672 257 2704 Stob.
281 2673 341 2704 ecl.
367 2681 410 2704 111
434 2683 461 2703 c.
485 2673 527 2704 29
550 2672 616 2712 (ed.
640 2672 813 2704 Wachsm.
837 2672 905 2703 uol.
929 2681 972 2703 111
994 2682 1052 2713 pp.
1079 2673 1142 2703 644
1165 2673 1232 2712 sq.)
1255 2674 1282 2703 οἱ
1300 2695 1307 2702 .
1327 2695 1334 2703 .
1355 2695 1362 2702 .
1382 2672 1634 2709 θαυματοποιοὶ.
1654 2693 1662 2702 .
1682 2693 1690 2701 .

161 2725 268 2765 ὥσπερ
301 2725 390 2764 ὄρνεα
422 2725 589 2761 πετόμενοι
621 2725 671 2754 διὰ
702 2725 757 2754 τοῦ
789 2725 895 2763 ἀέροσ,
927 2723 1046 2755 Claud.
1079 2731 1159 2754 XVII
1189 2724 1253 2755 320
1284 2722 1337 2754 uel
1367 2722 1425 2762 qui
1455 2731 1542 2753 more
1572 2721 1691 2753 auium

159 2785 227 2807 sese
247 2775 433 2807 iaculentur
453 2775 491 2806 in
510 2785 612 2806 auras
704 2776 768 2807 447
788 2776 868 2815 apta
888 2774 977 2806 Flor.
999 2777 1035 2806 et
1055 2774 1167 2811 Bodl„
1188 2776 1266 2806 acta
1286 2773 1378 2805 GLM
1397 2773 1471 2804 cod.
1493 2773 1647 2804 Venetus

250 2828 314 2860 448
340 2825 495 2859 uolantia
522 2825 611 2858 Flor.
641 2829 677 2858 et
704 2825 817 2863 BodL,
844 2825 1006 2857 uocantis
1034 2824 1126 2857 GLM
1215 2835 1355 2866 campus
1382 2834 1442 2856 cur
1468 2823 1614 2855 Martius
1641 2823 1690 2854 in-
