1855 3088
155 71 208 109 72
745 71 807 113 Μ.
839 71 1091 114 MANILII

188 188 258 219 550
312 181 455 222 mollia
474 197 548 236 per
567 182 694 224 duras
713 183 961 238 panduntur
979 184 1176 226 bracchia
1196 189 1340 227 cautes
1359 200 1368 235 ;

312 256 573 298 adstrinxere
592 257 720 311 pedes
739 258 933 312 scopulis,
955 258 1193 314 iniectaque
1212 260 1365 310 uincla,

311 334 355 371 et
374 345 495 372 cruce
514 331 702 386 uirginea
721 332 927 374 moritura
947 333 1086 387 puella
1106 334 1321 388 pependit.

310 410 504 446 seruatur
521 410 668 447 tamen
687 406 732 447 in
750 421 887 461 poena
906 408 1135 463 uultusque
1154 408 1375 463 pudorque
1394 423 1403 459 3

309 479 514 533 supplicia
532 480 624 535 ipsa
644 481 796 522 decent
815 496 823 531 3
860 481 984 523 niuea
1004 482 1164 524 ceruice
1184 482 1348 524 reclinis

185 561 253 591 555
309 553 491 595 molliter
510 554 602 609 ipsa
621 569 722 596 suae
742 560 884 597 custos
904 561 968 597 est
986 556 1078 597 uisa
1097 557 1268 611 figurae.

309 627 520 670 defluxere
540 629 655 670 sinus
674 630 829 671 umeris
849 630 1041 685 fugitque
1061 631 1239 673 lacertos

308 702 439 744 uestis
459 707 503 744 et
522 703 643 745 effusi
662 704 844 759 scapulis
863 704 1032 746 haesere
1052 705 1204 760 capilli.

308 780 352 817 te
371 777 529 818 circum
548 778 744 833 alcyones
764 779 903 834 pinnis
922 780 1122 834 planxere
1140 780 1334 821 uolantes

308 850 600 907 fleueruntque
619 857 717 894 tuos
736 853 974 895 miserando
995 854 1178 895 carmine
1198 868 1319 896 casus

184 932 253 963 560
308 930 352 966 et
370 925 451 967 tibi
470 931 693 968 contextas
711 928 909 969 umbram
928 928 1061 970 fecere
1080 943 1154 984 per
1174 929 1274 970 alas.

308 1000 363 1041 ad
383 1005 458 1041 tua
479 1001 681 1043 sustinuit
699 1001 854 1044 fluctus
874 1003 1115 1058 spectacula
1134 1008 1292 1059 pontus

145 1241 241 1282 quod
256 1241 396 1273 reduxit
414 1242 603 1280 Bentleius,
621 1251 662 1274 ae
679 1242 725 1274 M.
773 1243 873 1275 unice
891 1247 976 1285 apta
993 1247 1046 1275 est
1063 1247 1096 1275 at
1113 1244 1296 1286 particula,
1314 1255 1444 1276 nouam
1461 1248 1497 1276 et
1513 1245 1683 1286 insignem

144 1303 217 1324 rem
233 1293 409 1324 inducens.
458 1293 628 1325 formulae
644 1298 677 1325 at
691 1294 806 1332 simul,
823 1306 913 1336 quae
928 1295 1078 1327 habetur
1093 1304 1136 1326 111
1151 1297 1214 1328 323
1231 1300 1266 1327 et
1281 1297 1356 1333 370,
1373 1296 1531 1338 exempla
1546 1297 1684 1338 collegit

144 1344 231 1376 thes.
256 1344 335 1385 ling.
361 1344 436 1376 Lat.
462 1354 490 1376 ΙΙ
511 1356 544 1386 p.
571 1347 656 1378 1003
679 1347 777 1383 51-6‚
801 1347 927 1387 quibus
950 1350 1069 1378 tamen
1091 1347 1262 1379 demenda
1284 1351 1367 1379 sunt
1390 1348 1490 1380 Ouid.
1515 1358 1557 1379 ex
1580 1348 1681 1380 Pont.

145 1404 158 1426 1
183 1397 202 1426 2
228 1397 268 1427 21
297 1399 332 1427 et
357 1396 432 1427 Val.
459 1396 571 1428 Flacc.
599 1406 637 1428 VI
663 1398 749 1429 602:
789 1398 889 1429 alteri
914 1398 1105 1440 particulae
1130 1399 1327 1430 subiectum
1351 1399 1454 1430 simul
1479 1399 1684 1440 plerumque

146 1450 238 1478 certe
258 1447 462 1479 aduerbium
483 1451 546 1485 est,
568 1448 665 1480 uelut
685 1449 784 1490 Verg.
807 1449 893 1481 Aen.
916 1458 956 1481 XI
977 1451 1052 1487 908,
1073 1450 1148 1481 Val.
1171 1450 1222 1482 Fl.
1244 1459 1273 1481 Π
1292 1452 1368 1487 540,
1389 1459 1428 1481 VI
1447 1452 1501 1488 30,
1522 1452 1598 1488 579,
1619 1451 1681 1482 Sil.

146 1506 184 1529 IV
207 1499 260 1536 96,
285 1498 374 1531 Stat.
399 1499 484 1530 Ach.
510 1507 539 1530 11
561 1501 637 1537 370,
661 1510 732 1532 non
755 1501 963 1532 coniunctio.
1012 1502 1048 1532 in
1071 1501 1170 1542 Verg.
1197 1501 1273 1533 buc.
1298 1509 1336 1533 IV
1359 1502 1413 1539 26,
1437 1502 1498 1533 ubi
1521 1505 1554 1533 at
1580 1501 1683 1533 simul

145 1551 299 1581 seruauit
329 1563 362 1590 -γ,
392 1561 430 1582 ac
458 1551 541 1582 fecit
572 1551 604 1582 R
696 1554 759 1585 551
790 1552 995 1584 adstrinxere
1025 1553 1152 1593 quibus
1180 1553 1216 1584 id
1245 1563 1331 1594 opus
1361 1553 1568 1584 mandatum
1596 1556 1681 1585 erat.

146 1601 268 1632 iniecta
289 1605 395 1633 sunt:
431 1601 511 1633 uide
533 1602 578 1633 ad
600 1611 614 1633 1
636 1604 677 1634 85
700 1603 871 1634 adnotata
894 1606 929 1635 et
951 1603 1050 1644 Verg.
1075 1604 1160 1635 Aen.
1185 1613 1208 1635 v
1233 1605 1294 1636 136
1317 1604 1494 1635 considunt
1516 1605 1682 1642 transtris,

146 1653 334 1693 intentaque
364 1653 515 1685 bracchia
545 1654 646 1685 remis
739 1657 802 1688 552
832 1665 924 1686 cruce
954 1655 1109 1695 uirqinea
1139 1659 1179 1686 ut
1209 1655 1291 1687 Luc.
1324 1664 1377 1686 vn
1407 1657 1471 1687 304
1502 1655 1683 1688 Caesareas

145 1708 284 1744 spectate
308 1715 428 1742 cruceS,
454 1705 524 1736 ubi.
551 1705 657 1737 schol.
682 1705 804 1746 quibus
826 1710 930 1746 potest
955 1706 1130 1738 Caesarem
1154 1706 1258 1738 hostis
1282 1707 1425 1748 infiyere.
1474 1718 1598 1739 saxum
1623 1708 1682 1739 ad-

145 1757 267 1788 stricta
298 1757 328 1788 ei
358 1756 475 1798 puella
505 1767 589 1788 crux
620 1757 661 1789 fit
691 1758 868 1799 uirginea:
908 1758 1042 1790 Statius
1072 1758 1147 1790 silu.
1175 1767 1213 1790 IV
1238 1760 1258 1790 3
1284 1760 1326 1790 28
1351 1769 1478 1790 crucem
1500 1759 1683 1799 pendulam

145 1807 336 1849 appellauit
365 1808 562 1839 uehiculum
591 1809 763 1840 uiatorem
792 1810 958 1847 crucians,
988 1809 1031 1841 de
1059 1820 1129 1851 quo
1158 1820 1260 1841 uersu
1289 1809 1461 1841 falluntur
1490 1810 1683 1843 Vollmerus

145 1863 180 1891 et
199 1859 287 1891 thes.
308 1859 388 1900 ling.
411 1859 487 1891 Lat.
509 1868 548 1891 1v
567 1870 600 1901 p.
625 1861 709 1892 1259
730 1862 782 1892 71.
832 1862 892 1901 qui
911 1861 1021 1893 ridere
1041 1861 1147 1898 uolet,
1167 1861 1260 1902 legat
1279 1861 1416 1902 Fayum
1436 1862 1554 1893 eiusue
1573 1862 1681 1894 uerba

145 1914 349 1942 mutuatum
370 1911 667 1952 Wageningenum
759 1914 823 1945 553
846 1915 957 1944 tamen
979 1912 1017 1943 in
1035 1923 1156 1953 poena,
1180 1913 1340 1953 quamuis
1362 1913 1398 1944 in
1419 1923 1541 1954 poena,
1563 1916 1684 1945 tamen

145 1965 313 1994 seruatur.
362 1963 488 1993 omissa
509 1965 550 1993 ut
570 1971 608 1993 IV
629 1964 693 1995 413
714 1966 750 1994 et
770 1963 853 1994 locis
874 1963 922 1994 ibi
943 1963 1072 1995 adlatis
1093 1963 1265 2005 particula
1285 1965 1484 1996 concessiua
1504 1968 1682 2005 praeterea

145 2014 371 2055 anteponitur
396 2017 516 2051 tamen,
543 2014 639 2045 cuius
664 2025 746 2046 usus
772 2014 931 2056 exempla
956 2015 1001 2046 ad
1026 2015 1108 2046 Luc.
1136 2023 1150 2046 1
1175 2016 1239 2047 333
1266 2015 1387 2056 collegi
1478 2018 1543 2049 554
1567 2016 1680 2048 niuea.

146 2066 338 2096 consentire
353 2065 605 2097 Philostratum
620 2067 722 2107 imag.
739 2074 753 2097 Ι
771 2067 814 2098 29
833 2067 853 2098 3
875 2068 894 2105 ἡ
918 2068 992 2107 κόρη
1018 2069 1052 2098 δὲ
1075 2068 1165 2105 ἡδεῖα
1188 2069 1256 2105 μὲν,
1285 2069 1331 2098 ὅτι
1355 2069 1452 2105 λευκὴ
1476 2069 1508 2098 ἐν
1531 2069 1682 2108 Αἰθιοπίᾳ

146 2117 331 2148 adnotauit
348 2117 509 2154 Huetius,
527 2117 612 2149 Ach.
631 2118 708 2149 Tat.
727 2126 771 2149 111
787 2119 806 2149 7
839 2121 874 2149 et
891 2118 1027 2150 Heliod.
1046 2118 1147 2150 Aeth.
1166 2127 1205 2149 1v
1223 2120 1242 2150 8
1259 2118 1395 2150 addidit
1412 2119 1476 2150 Ed.
1495 2119 1681 2151 Muellerus

146 2168 263 2210 philol.
291 2179 346 2199 an.
376 2169 459 2200 1907
486 2179 519 2210 p.
548 2170 614 2206 573
653 2173 775 2200 contra
800 2180 842 2200 ex
870 2169 995 2201 Ouidio
1020 2170 1201 2211 proferunt
1225 2170 1295 2201 her.
1324 2178 1373 2200 xv
1399 2171 1442 2201 36
1466 2170 1677 2202 Andromede

144 2219 274 2260 patriae
286 2218 386 2260 fusca
402 2219 504 2251 colore
519 2230 611 2257 suae,
628 2224 693 2252 art.
710 2229 740 2252 ΙΙ
756 2221 831 2258 643,
847 2229 893 2252 111
910 2222 969 2253 191
1065 2224 1128 2254 555
1144 2221 1284 2252 molliter
1299 2221 1344 2252 ad
1359 2221 1496 2252 reclinis
1511 2223 1683 2262 pertinere

146 2271 295 2303 Iacobus
321 2270 414 2302 solus
440 2281 511 2302 non
536 2271 710 2303 intellexit
799 2271 876 2303 uisa
902 2272 1041 2303 Ellisius
1068 2275 1160 2304 noct.
1188 2272 1281 2303 Man.
1310 2283 1343 2313 p.
1373 2273 1449 2309 203,
1476 2271 1550 2313 ipsa
1577 2272 1680 2312 GLM,

145 2322 216 2353 sola
243 2321 332 2353 Flor.
355 2325 398 2353 ‘et
425 2322 515 2359 Par.‚
544 2325 675 2354 ceteras
702 2323 918 2354 coniecturas
945 2324 1094 2354 omitto:
1143 2326 1235 2354 certe
1262 2323 1417 2364 epitheto
1444 2326 1524 2364 post
1550 2323 1686 2355 reclinis

144 2373 239 2404 locus
262 2383 333 2404 non
356 2376 419 2404 est.
467 2374 628 2414 quamuis
651 2375 782 2411 uincta,
806 2385 877 2406 non
900 2374 1000 2406 aliter
1023 2376 1134 2406 iacere
1156 2375 1231 2406 uisa
1255 2377 1307 2406 est
1330 2384 1437 2414 quam
1460 2375 1488 2405 si
1511 2374 1619 2406 libera
1641 2385 1681 2407 ac

145 2425 198 2456 sui
217 2425 299 2455 iuris
318 2427 417 2455 esset.
467 2426 639 2456 contrario
658 2435 771 2457 errore
789 2425 892 2457 Mart.
914 2434 978 2456 XIV
1000 2426 1062 2457 196
1081 2427 1100 2456 2
1117 2425 1195 2457 uisa
1213 2428 1235 2465 β
1255 2425 1315 2457 ubi
1334 2425 1411 2465 ipsa
1430 2438 1473 2465 α·γ
1566 2428 1629 2459 558
1647 2428 1681 2458 te

144 2475 304 2516 Scaliger,
330 2477 383 2506 ter
407 2475 496 2512 libri,
523 2477 618 2517 quod
645 2477 773 2508 Iacobo
800 2480 835 2508 et
862 2477 1031 2508 Becherto
1058 2480 1159 2508 tanto
1186 2487 1288 2518 opere
1313 2477 1428 2518 placet
1454 2480 1494 2508 ut
1521 2477 1682 2509 emenda-

143 2527 276 2559 tionem
292 2537 336 2558 ne
353 2530 623 2559 commemorent
640 2528 790 2568 quidem.
839 2529 1077 2559 accusatiuum
1095 2528 1211 2569 Fayus
1228 2532 1263 2560 et
1280 2528 1466 2569 Pingraeus
1485 2528 1529 2559 ad
1545 2528 1682 2566 circum,

145 2589 208 2619 ego
225 2578 270 2609 ad
285 2577 442 2618 planxere
454 2579 563 2609 refero
646 2582 710 2612 559
722 2578 892 2611 fleuerunt
903 2578 992 2618 L²M‚
1006 2579 1131 2611 fleuere
1144 2579 1198 2611 GL
1285 2581 1348 2613 560
1360 2581 1394 2611 et
1410 2579 1498 2610 Flor.
1514 2582 1550 2610 et
1566 2579 1680 2616 Bodl.,

147 2638 210 2661 nec
235 2629 338 2666 GLM,
362 2639 432 2660 non
455 2632 613 2670 praestat
636 2640 674 2662 ac
767 2632 829 2664 561
853 2630 897 2662 ad
920 2631 1017 2662 Voss.
1046 2632 1060 2662 1
1087 2634 1123 2662 et
1147 2630 1260 2667 Bodl.,
1284 2632 1321 2662 at
1344 2629 1446 2668 GLM,
1471 2630 1566 2671 quod
1588 2630 1680 2662 idem

146 2684 210 2717 est,
233 2683 266 2712 et
286 2680 361 2712 cod.
384 2681 547 2712 Venetus.
595 2681 639 2712 ad
659 2684 717 2712 tua
736 2682 933 2721 spectacula,
951 2682 996 2713 ad
1017 2685 1052 2713 te
1069 2682 1296 2723 spectandam
1313 2694 1319 2713 :
1345 2692 1536 2723 pronomen
1548 2692 1680 2723 posses-

145 2733 259 2763 siuum
274 2742 336 2773 pro
351 2732 513 2773 genetiuo
529 2732 655 2763 obiecti
669 2736 733 2769 est,
748 2736 789 2763 ut
803 2732 880 2764 Sen.
897 2733 984 2774 Thy.
1002 2734 1065 2764 793
1080 2743 1150 2770 cur,
1165 2733 1303 2769 Phoebe,
1319 2736 1392 2764 tuos
1405 2732 1501 2772 rapis
1515 2736 1678 2773 aspectus,

142 2786 179 2815 te
215 2783 402 2825 aspiciendi
436 2783 664 2820 facultatem;
712 2784 899 2824 spectacula
934 2787 1053 2816 autem
1089 2785 1205 2816 actiua
1240 2783 1490 2825 significatione
1525 2784 1679 2826 ponitur,
