1855 3088
563 133 754 177 LIBRO
787 133 835 175 II
867 132 1172 177 ADDENDA
1558 137 1638 176 145

106 244 266 276 datiuum
288 245 339 276 bis
357 245 458 282 elisit,
480 254 502 276 v
521 246 586 277 476
605 248 641 277 et
660 247 735 282 508,
756 246 956 286 genetiuum
975 256 1147 286 nusquam
1167 247 1263 286 (nam
1283 255 1310 278 11
1331 248 1393 278 747
1414 247 1484 278 iam
1502 246 1636 288 pridem

106 298 279 327 correctus
303 297 381 335 est),
409 296 463 327 cui
488 297 582 327 casui
607 307 650 327 ne
674 300 719 327 est
744 296 885 337 quidem
910 297 960 328 ita
984 297 1130 328 subiecit
1155 300 1195 328 ut
1219 297 1421 338 aphaeresin
1446 300 1634 339 pateretur.

105 346 224 387 itaque
248 346 375 384 hiatus,
401 347 429 378 si
452 350 572 378 tamen
595 347 711 379 hiatus
736 351 798 385 est,
823 348 904 379 ferri
928 358 1027 389 posse
1051 348 1199 385 uidetur,
1225 349 1427 389 praesertim
1451 348 1636 381 accedente

106 397 294 438 anaphora,
313 400 354 429 ut
373 397 473 430 Ouid.
494 401 575 429 met.
597 407 661 429 XIV
679 399 742 430 832
760 408 778 429 ο
796 402 824 429 et
842 398 880 430 de
897 398 1007 435 Latia,
1026 409 1044 429 o
1062 402 1090 430 et
1107 398 1146 430 de
1162 402 1252 438 qente
1270 399 1408 431 Sabina.

152 450 216 481 837
239 449 275 480 in
291 448 378 480 thes.
397 448 477 490 ling.
496 448 573 480 Lat.
593 458 616 480 v
632 449 714 481 fasc.
734 450 780 486 iv,
799 450 859 490 qui
876 450 994 491 paucis
1011 452 1091 491 post
1107 449 1234 481 librum
1252 460 1367 481 meum
1384 449 1505 482 diebus
1521 450 1636 482 editus

106 502 170 537 est,
186 509 244 541 pp.
263 500 326 532 743
342 510 405 541 sq„
422 500 482 532 ubi
497 500 593 532 nulla
608 500 866 541 significationis
881 501 1015 532 ratione
1030 500 1152 532 habita
1168 501 1304 532 diuersa
1318 502 1354 533 in
1369 511 1479 533 unum
1494 501 1637 533 confusa

106 553 199 588 sunt,
214 551 333 582 insunt
346 554 465 583 tamen
478 561 567 592 quae
582 552 665 583 meis
679 551 761 583 addi
774 552 908 592 possint
921 551 1090 593 exempla,
1105 551 1181 584 Sen.
1198 552 1325 584 Phaed.
1343 553 1417 590 785,
1432 552 1521 585 H.0.
1539 553 1635 589 1695,

107 600 196 633 Stat.
214 601 321 633 Theb.
340 611 365 633 x
382 603 456 639 760,
475 602 561 634 Ρ1111.
580 613 632 644 ep.
651 611 674 633 v
691 603 710 634 6
727 603 768 634 23
785 605 821 634 et
837 603 889 634 38.

153 654 216 685 849
239 662 301 694 pro
318 652 402 684 inter
419 653 638 685 scribendum
654 652 761 694 aufert
778 654 906 685 conieci
922 653 968 685 ad
984 662 1027 685 ΙΠ
1043 654 1118 691 217,
1136 653 1196 685 ubi
1212 653 1291 685 uide
1307 654 1487 687 adnotata.

153 705 217 737 853
239 704 334 744 quod
356 703 486 736 sibimet
508 704 614 736 redire
637 704 704 735 dici
727 714 826 745 posse
850 704 1039 736 arbitratus
1063 715 1140 736 sum
1163 708 1326 746 quartam
1350 705 1467 737 circuli
1489 708 1637 747 partem,

107 764 177 795 qua
201 754 267 786 sibi
291 754 382 787 redit
406 755 563 792 circulus,
590 766 660 787 non
685 756 880 787 accuratius
905 755 1042 788 locutus
1067 759 1120 787 est
1145 755 1274 788 Gellius
1299 765 1342 787 III
1370 758 1409 789 10
1436 757 1455 788 6
1480 766 1639 788 numerus

107 806 329 845 septenarius,
353 806 385 838 si
408 806 448 838 ab
471 817 539 838 uno
560 806 737 847 profectus,
761 805 842 837 dum
872 806 920 838 ad
948 807 1203 847 semetipsum
1231 807 1502 847 proqreditur,
1527 817 1639 839 omnes

105 866 166 897 per
183 867 263 897 quos
279 868 471 898 progressus
489 861 535 889 est
553 868 706 889 numeros
724 857 974 898 comprehendat
993 858 1167 898 ipsumque
1185 869 1219 890 se
1237 858 1347 896 addat,
1361 858 1447 899 facit
1465 869 1640 890 numerum

107 911 175 939 octo
190 911 218 940 et
231 908 356 949 uiqinti
370 921 379 946 ;
407 919 489 940 nam
504 909 546 949 (si
561 909 650 940 ullus
665 910 805 940 omnino
820 919 983 941 numerus
998 909 1043 940 ad
1057 919 1093 941 se
1107 909 1265 951 progredi
1280 911 1409 951 posset)
1425 910 1640 952 septenarius

107 969 168 1001 per
184 959 268 991 alios
284 960 504 1002 progrediens
519 960 675 992 nondum
692 961 906 1002 septenarius
921 963 984 992 est.

154 1012 306 1045 856-967
329 1011 418 1043 adde
431 1022 522 1043 nunc
537 1011 699 1044 O.C.A.G.
715 1020 783 1042 VIII
795 1012 833 1042 iii
846 1022 878 1052 p.
897 1012 955 1044 101
974 1012 1092 1049 18—30,
1107 1022 1140 1053 p.
1159 1013 1220 1043 116
1235 1013 1276 1044 32
1291 1021 1378 1052 sqq.‚
1393 1022 1426 1053 p.
1444 1013 1506 1044 190
1523 1013 1559 1044 11
1576 1021 1640 1052 sq„

109 1069 177 1093 VIII
195 1062 231 1093 iv
249 1073 306 1103 pp.
330 1063 469 1100 126-74,
490 1073 611 1104 papyr.
633 1073 653 1094 a
672 1062 864 1094 Robbinsio
883 1062 1015 1094 editam
1037 1063 1073 1094 in
1096 1063 1256 1094 Classical
1280 1063 1460 1104 Philology
1479 1074 1533 1095 an.
1558 1063 1640 1095 1927

108 1123 142 1154 p.
164 1114 204 1144 14
224 1114 238 1145 1
256 1113 273 1145 Ι
290 1115 420 1151 11-18;
451 1117 640 1155 praeterea,
658 1124 763 1155 quem
780 1114 973 1151 omiseram,
992 1113 1110 1155 Steph.
1130 1114 1226 1146 Alex.
1247 1114 1446 1155 apotelesm.
1466 1114 1518 1146 ed.
1538 1114 1640 1146 Vsen.

109 1174 166 1205 pp.
192 1165 235 1196 24
259 1174 309 1206 sq.
356 1165 440 1197 locis
463 1165 523 1196 ubi
547 1164 708 1197 Manilius
732 1167 855 1197 τόπουσ
879 1165 1001 1205 templa
1025 1166 1166 1197 uocauit
1198 1165 1378 1197 addendus
1408 1168 1461 1197 est
1492 1174 1535 1197 111
1568 1167 1639 1197 126.

109 1217 314 1255 ἀποκλίματα
331 1216 498 1248 Firmicus
515 1216 767 1257 epicataplwras
783 1216 938 1258 appellat
954 1225 1007 1248 VII
1024 1217 1043 1248 6
1061 1217 1080 1248 8
1096 1220 1132 1248 et
1148 1217 1287 1258 passim.

155 1269 220 1301 857
242 1267 346 1299 Firm.
369 1276 408 1299 VI
428 1269 469 1300 32
494 1269 533 1300 18
554 1278 645 1300 nunc
666 1268 713 1299 sic
735 1267 860 1305 editur,
879 1268 988 1308 partis
1009 1267 1186 1300 dominus.
1204 1292 1211 1300 .
1229 1292 1236 1300 .
1252 1278 1291 1300 ex
1311 1271 1432 1300 natura
1452 1277 1515 1300 sua
1535 1267 1646 1309 inficit

112 1317 228 1350 locum.

156 1371 220 1403 867
243 1380 323 1402 cum
351 1370 499 1402 Firmico
527 1370 677 1402 concinit
705 1369 848 1412 Sarapio
876 1369 1129 1402 Alexandrinus
1158 1369 1320 1402 0.0.A.G.
1351 1379 1419 1402 VIII
1447 1370 1483 1402 iv
1510 1380 1543 1412 p.
1574 1371 1637 1402 227

111 1422 153 1453 27
169 1431 219 1462 sq.
237 1424 299 1453 τῶν
321 1424 379 1460 μὲν
401 1424 611 1462 ἐπαναφορῶν
631 1423 647 1453 ὀ
667 1424 814 1463 δεύτεροσ
833 1423 947 1460 τόποσ,
966 1424 1028 1453 τῶν
1049 1422 1075 1453 δ’
1096 1423 1323 1461 ὰποκλιμάτων
1344 1422 1360 1453 ὁ
1377 1424 1472 1453 ἕκτοσ
1495 1423 1643 1460 ἀμείνουσ

111 1474 162 1504 διὰ
178 1474 215 1504 τὸ
231 1474 383 1513 τρίγωνον
401 1475 478 1504 εἶναι
495 1475 531 1504 τὸ
547 1475 781 1513 μεσουράνημα.

157 1526 221 1557 868
244 1524 348 1557 Firm.
369 1525 376 1538 ‘
391 1533 429 1556 VI
445 1525 564 1566 praef.’
582 1535 673 1556 nunc
690 1528 743 1556 est
759 1533 797 1556 VI
816 1526 830 1557 1
849 1526 880 1556 4.

157 1577 220 1609 870
243 1575 332 1607 adde
356 1575 517 1608 C.C.A.G.
544 1585 611 1608 VIII
634 1576 670 1607 iv
692 1587 724 1617 p.
753 1577 814 1608 139
839 1578 858 1608 2
883 1577 899 1607 ὀ
922 1577 1070 1616 δεύτεροσ
1092 1577 1194 1607 τόποσ
1217 1577 1361 1607 καλεῖται
1376 1600 1382 1607 .
1398 1600 1406 1607 .
1423 1599 1430 1608 .
1445 1575 1525 1616 ᾅδου
1545 1577 1642 1614 πύλη.

111 1626 199 1659 falso
214 1627 419 1660 Cumontius
434 1627 479 1659 ib.
498 1636 565 1658 VIII
580 1628 591 1658 i
606 1638 639 1669 p.
660 1628 721 1659 154
737 1638 770 1658 n.
790 1627 798 1640 ⁶
812 1627 1022 1668 horoscopus
1038 1630 1090 1659 est
1105 1630 1207 1668 porta
1222 1627 1411 1659 inferorum
1426 1627 1445 1659 '.

157 1680 222 1712 872
245 1678 297 1710 hic
311 1678 356 1710 ad
369 1679 474 1720 prius,
490 1678 544 1710 ille
558 1679 603 1710 ad
616 1679 786 1720 posterius
800 1678 961 1710 Manilius
975 1679 1047 1719 ipse
1060 1678 1198 1710 rettulit
1212 1687 1254 1709 111
1268 1679 1342 1710 230.

158 1731 222 1763 877
245 1730 330 1761 item
352 1729 456 1761 semel
479 1728 647 1761 Martialis
670 1729 921 1771 paenultimam
944 1729 1110 1771 corripuit
1132 1730 1168 1761 in
1191 1728 1365 1770 defuerunt
1388 1738 1443 1760 XII
1465 1730 1507 1760 42
1531 1731 1563 1766 4,
1584 1729 1646 1761 ubi

113 1781 240 1813 iterum
263 1781 395 1813 codices
419 1781 554 1822 aliquot
579 1781 642 1812 -int
665 1784 771 1821 atque
795 1782 902 1812 etiam
927 1784 1006 1812 —ant.
1055 1784 1208 1812 ceterum
1231 1780 1274 1812 de
1297 1780 1374 1812 aluo
1397 1780 1541 1812 Telluris
1564 1780 1644 1812 uide

115 1833 215 1865 Ouid.
234 1835 316 1864 met.
335 1841 364 1863 11
380 1833 444 1865 273
461 1842 511 1873 sq.
524 1832 634 1873 fontes
656 1830 660 1875 Ι
680 1832 738 1872 qui
754 1842 788 1863 se
803 1831 1015 1863 condiderant
1032 1832 1070 1863 in
1086 1842 1208 1872 opacae
1223 1832 1352 1864 uiscera
1368 1832 1493 1864 matris.

159 1886 223 1917 879
246 1883 412 1915 tumulum
424 1883 500 1915 belli
512 1883 674 1924 uitaeque,
688 1883 787 1924 Verg.
803 1882 887 1915 Aen.
903 1891 927 1914 x
941 1884 1004 1914 582
1018 1882 1094 1914 belli
1099 1882 1186 1924 finis
1198 1886 1227 1915 et
1239 1883 1326 1915 aeui.
1374 1883 1453 1915 uide
1466 1886 1643 1924 praeterea

113 1945 203 1976 quae
219 1934 265 1966 ad
280 1935 361 1967 Luc.
380 1943 449 1966 vm
464 1936 528 1967 529
545 1934 722 1966 adnotaui.

160 1988 223 2020 880
246 1986 341 2027 quod
369 1985 512 2018 Titanas
536 1985 661 2027 plurali
686 1995 829 2017 numero
854 1985 996 2026 ponitur
1021 1984 1097 2017 Sen.
1125 1985 1213 2017 Η.Ο.
1245 1986 1339 2022 1309,
1366 1985 1435 2017 duo
1460 1985 1643 2026 significari

115 2038 288 2075 uidentur,
308 2037 493 2078 Typhoeus
512 2040 548 2069 et
567 2036 772 2073 Enceladus,
793 2039 938 2077 uterque
958 2046 998 2068 ac
1017 2047 1087 2068 non
1106 2036 1272 2068 alteruter
1291 2036 1424 2068 Aetnae
1443 2036 1642 2073 subiectus;

115 2099 197 2121 nam
213 2088 300 2120 duce
316 2088 403 2120 libro
420 2089 553 2130 optimo
570 2087 789 2119 scribendum
806 2097 926 2119 censeo
943 2087 1050 2118 emitte
1066 2086 1180 2118 Siculo
1196 2087 1316 2119 uertice
1332 2087 1490 2124 ardentes,
1507 2090 1611 2128 pater,
1634 2086 1639 2131 Ι

118 2140 261 2172 Titanas
289 2140 327 2171 in
357 2150 418 2177 me,
447 2139 505 2180 qui
535 2149 639 2171 manu
667 2138 803 2171 Pindon
826 2138 932 2180 ferat
953 2136 957 2182 Ι
978 2138 1166 2180 Ossa<que>
1195 2139 1254 2179 qui
1284 2148 1335 2170 me
1365 2142 1471 2170 monte
1500 2138 1643 2179 proiecto

114 2191 329 2232 opprimat.

160 2244 225 2276 882
247 2242 321 2274 dele
337 2241 507 2283 uirgulam
522 2242 558 2273 in
574 2241 641 2273 fine
657 2251 784 2273 uersus.

161 2296 225 2327 887
248 2293 336 2325 adde
352 2293 445 2325 Seru.
463 2303 573 2334 georg.
591 2301 634 2324 111
649 2294 712 2324 417
729 2294 846 2331 ἁγαθοὶ
863 2293 1024 2330 δαίμονεσ,
1039 2301 1118 2332 quos
1133 2291 1252 2324 Latine
1266 2291 1378 2332 qantos
1392 2294 1521 2324 uocant.

161 2347 225 2379 888
248 2344 304 2376 cui
320 2347 400 2376 ante
417 2344 625 2385 Scaligerum
642 2343 831 2375 Dulcinius.

162 2398 226 2430 890
248 2396 436 2427 Rhetorius
456 2395 618 2428 C.C.A.G.
640 2403 708 2426 VIII
728 2395 763 2425 iv
783 2405 840 2435 pp.
866 2395 994 2425 126—74
1013 2394 1084 2426 fere
1104 2404 1183 2425 cum
1204 2393 1312 2426 Paulo
1333 2394 1516 2432 consentit,
1537 2394 1644 2426 etiam

116 2447 159 2479 de
177 2446 288 2478 Marte
307 2457 340 2488 p.
364 2448 426 2478 164
445 2448 466 2478 8
484 2457 533 2487 sq.
555 2448 608 2477 τὸν
626 2448 686 2484 τῆσ
709 2448 813 2484 κακῆσ
836 2448 941 2484 τύχησ
955 2445 1033 2485 (hoc
1052 2448 1104 2476 est
1123 2446 1212 2476 sexti
1230 2445 1308 2485 loci)
1325 2446 1444 2486 ἀστέρα
1454 2445 1553 2486 Ἀρεα,
1569 2457 1577 2483 ;
1603 2445 1647 2477 de

116 2498 284 2530 Mercurio
300 2499 330 2529 ei
347 2508 426 2529 cum
441 2497 582 2529 Manilio
599 2497 780 2528 conuenire
796 2496 905 2528 uideri
921 2496 1035 2527 dicam
1051 2496 1096 2527 ad
1112 2497 1186 2528 943.

163 2551 226 2583 891
249 2549 329 2581 uide
346 2557 390 2580 III
406 2550 470 2580 416
488 2548 656 2580 diuersam
673 2548 711 2579 in
728 2550 845 2579 sortem
862 2547 975 2584 tantia
993 2547 1147 2588 Apthon.
1168 2547 1298 2579 G.L.K.
1318 2556 1356 2579 VI
1373 2558 1406 2589 p.
1429 2548 1491 2579 116
1510 2548 1551 2580 19
1568 2547 1645 2579 huic

118 2603 298 2632 tetrametro
314 2599 532 2632 Archilochus
560 2598 733 2630 similem
763 2609 779 2629 e
810 2598 1010 2629 contrario
1041 2598 1184 2639 speciem
1210 2602 1411 2630 commentus
1438 2602 1495 2637 est,
1525 2597 1643 2637 Quint.

118 2652 197 2684 inst.
216 2660 284 2683 VIII
299 2653 319 2683 2
338 2652 378 2683 19
395 2651 547 2683 emutatis
564 2650 602 2682 in
615 2659 809 2690 peruersum
825 2649 956 2681 dicendi
965 2649 1097 2690 fiyuris.

164 2704 229 2736 892
251 2706 292 2734 ut
309 2703 364 2734 hic
382 2702 511 2734 culmen
529 2702 571 2733 de
589 2702 659 2732 ima
677 2700 872 2737 altitudine,
892 2701 943 2732 ita
961 2711 1031 2732 non
1048 2711 1125 2732 raro
1138 2700 1317 2742 fastiqium
1335 2701 1402 2732 dici
1420 2700 1532 2741 (uelut
1550 2700 1644 2732 Seru.

118 2763 230 2794 georg.
245 2762 273 2784 11
285 2754 350 2784 288
356 2752 534 2794 fastiqium
546 2755 574 2783 et
586 2762 734 2783 summae
746 2755 774 2782 et
787 2751 873 2782 imae
883 2753 991 2791 partis
1001 2761 1181 2792 possumus
1193 2751 1308 2789 dicere,
1321 2752 1408 2783 thes.
1423 2751 1502 2792 ling.
1518 2750 1594 2782 Lat.
1609 2758 1647 2782 VI

119 2815 153 2845 p.
175 2805 236 2836 321
260 2805 360 2843 71-5)
381 2807 590 2835 monuerunt
611 2803 655 2834 H.
679 2802 953 2834 Rubenbauerus
974 2805 1009 2834 et
1030 2802 1070 2835 G.
1093 2803 1321 2834 Dittmannus
1341 2801 1458 2843 philol.
1481 2812 1535 2833 an.
1561 2802 1644 2834 1920

120 2865 153 2899 p.
171 2855 235 2887 354
252 2865 284 2887 n.
303 2855 334 2888 9.

876 2916 901 2940 Κ
