1855 3088
228 97 279 135 18
815 95 876 136 M.
909 93 1042 136 MAN
1046 93 1160 135 ILII

382 210 431 247 ut
450 220 562 247 noua
582 220 656 261 per
674 206 831 247 montis
852 210 1061 261 quaerunt
1081 205 1255 247 arbusta
1275 205 1458 260 capellae

383 295 546 335 semper
565 285 608 321 et
627 280 802 321 ulterius
822 285 1041 335 pascentes
1060 280 1232 321 tendere
1251 280 1450 335 gaudent.

262 362 328 393 140
437 355 611 403 Taurus
633 355 678 396 in
697 369 865 396 auersos
885 368 1083 409 praeceps
1103 369 1200 395 cum
1218 354 1382 396 tollitur
1401 358 1531 403 ortus,

384 434 505 470 sexta
524 434 645 483 parte
664 429 729 470 sui
748 434 958 470 certantes
978 428 1068 469 luce
1089 443 1248 469 sorores

384 503 576 544 Pleiadas
596 503 726 544 ducit.
785 503 938 558 quibus
958 502 1242 557 aspirantibus
1261 502 1418 544 almam

217 641 396 683 ingenium
415 642 484 674 GL²
576 645 640 677 138
659 645 793 675 montes
813 642 1004 680 Dulcinius,
1025 642 1135 674 noctis
1154 642 1254 679 libri;
1289 645 1410 674 contra
1429 641 1550 672 montis
1569 650 1632 682 pro
1651 639 1757 672 noctis

217 692 296 724 libri
313 693 510 725 Lucretiani
526 703 563 725 1v
579 695 644 726 460
736 695 905 735 quaerunt
921 694 958 725 F.
978 694 1098 725 Iunius
1115 695 1211 734 (nam
1228 694 1270 725 de
1286 693 1360 725 cod.
1380 693 1452 724 Pal.
1469 695 1574 734 negat
1591 691 1756 723 Barthius

218 745 297 776 adu.
324 755 357 786 p.
386 747 458 783 159,
484 746 526 777 de
551 746 799 777 Bonincontrio
822 746 895 787 ipse
918 747 1031 786 nego),
1056 753 1120 786 que
1143 746 1200 776 rut
1222 744 1258 776 M
1281 745 1384 776 tertio
1407 753 1431 776 u
1454 754 1558 785 supra
1581 747 1592 775 t
1616 743 1755 784 scripto,

219 803 284 836 que
300 798 406 828 ruunt
423 796 477 828 GL
494 797 568 828 cod.
587 797 741 828 Venetus
830 796 923 828 locos
940 796 1135 827 adscribam
1152 796 1212 837 qui
1229 799 1264 827 et
1280 806 1352 827 rem
1369 796 1566 826 uniuersam
1581 794 1757 825 illustrent

218 850 254 878 et
270 848 392 879 montis
408 849 642 880 coniecturam
659 847 913 879 commendent.
962 848 1066 889 igitur
1082 847 1271 879 Columella
1286 855 1339 878 VII
1355 848 1374 878 6
1391 848 1411 878 9
1427 846 1570 878 maxime
1585 849 1757 877 strenuum

215 907 319 938 pecus
344 903 390 930 est
415 910 528 940 capra,
553 899 752 940 praecedens
777 899 927 936 subinde,
955 909 1038 940 quae
1063 899 1224 938 compesci
1250 898 1347 935 debet,
1375 908 1416 929 ne
1438 900 1622 938 procurrat,
1649 896 1755 928 Macr.

219 949 291 981 Sat.
308 958 321 981 1
338 952 376 982 17
392 951 433 982 63
447 961 567 991 caprae
583 975 591 982 .
611 975 618 982 .
638 975 645 982 .
663 950 861 982 consuetudo
876 950 953 982 haec
967 950 1004 981 in
1016 954 1117 990 pastu
1131 949 1273 987 uidetur,
1288 953 1323 981 ut
1337 959 1463 989 semper
1477 949 1581 980 altum
1591 947 1758 989 pascendo

216 1005 317 1040 petat,
344 1003 382 1033 21
411 1003 454 1033 26
479 1013 598 1042 caprae
622 1006 803 1033 naturam.
824 1026 830 1032 .
850 1025 858 1033 .
876 1012 969 1042 quae,
995 1001 1076 1032 dum
1098 1001 1260 1041 pascitur,
1286 1001 1326 1032 ab
1351 1001 1431 1032 imis
1452 1000 1606 1040 partibus
1630 1008 1758 1039 semper

216 1052 482 1091 prominentium
510 1053 722 1093 scopulorum
749 1053 818 1084 alta
846 1052 1004 1093 depascit,
1035 1052 1121 1093 Lyd.
1153 1053 1240 1084 31—4
1266 1055 1361 1092 pater
1389 1051 1568 1083 haedorum
1591 1050 1677 1092 felix
1694 1074 1701 1081 .
1721 1074 1728 1081 .
1749 1074 1756 1081 .

218 1103 291 1135 siue
311 1105 398 1144 petis
420 1108 544 1136 montes
563 1108 762 1145 praeruptos
783 1114 866 1135 saxa
885 1114 1062 1144 pererrans
1083 1102 1087 1146 Ι
1107 1103 1180 1135 siue
1202 1103 1262 1135 tibi
1284 1103 1384 1134 siluis
1405 1114 1495 1134 noua
1514 1102 1641 1142 pabula
1657 1101 1757 1143 fasti-

217 1154 289 1186 dire
310 1153 315 1198 Ι
334 1156 407 1187 siue
422 1156 497 1187 libet
511 1156 651 1196 campis,
667 1156 765 1187 Varr.
781 1166 837 1186 r.r.
854 1164 882 1186 11
899 1157 913 1186 1
935 1156 974 1186 16
989 1165 1108 1195 capras
1124 1155 1161 1186 in
1176 1155 1359 1186 montuosis
1370 1155 1485 1194 potius
1499 1154 1579 1186 locis
1594 1154 1756 1195 (pascas),

220 1206 320 1238 Ouid.
345 1210 426 1238 met.
450 1216 493 1238 111
513 1208 579 1239 408
598 1211 715 1247 pastae
737 1211 843 1238 monte
864 1207 1019 1247 capellae,
1042 1207 1122 1238 fast.
1147 1215 1184 1236 IV
1206 1208 1266 1237 511
1291 1206 1453 1246 rediyebat
1474 1209 1581 1237 monte
1601 1204 1757 1245 capellas,

219 1257 292 1289 Dir.
324 1259 362 1289 91
395 1258 577 1290 descendite
606 1262 723 1295 monte,
753 1258 909 1298 capellae,
935 1257 1040 1290 Culic.
1066 1259 1108 1288 45
1133 1267 1183 1298 sq.
1208 1257 1383 1298 propulit.
1404 1281 1410 1288 .
1431 1281 1437 1288 .
1457 1257 1600 1297 capellas
1622 1255 1626 1299 Ι
1643 1259 1759 1296 pastor

217 1312 246 1339 et
264 1309 381 1340 excelsi
399 1310 520 1341 montis
538 1310 617 1350 iuya
634 1320 767 1340 summa
781 1309 914 1349 petiuit,
933 1309 1032 1350 Verg.
1052 1319 1164 1350 georg.
1185 1317 1227 1339 ΙΙΙ
1245 1309 1309 1339 314
1327 1318 1390 1349 sq.,
1411 1308 1486 1339 buc.
1507 1317 1520 1339 1
1538 1309 1635 1345 74-6,
1656 1306 1757 1339 Ouid.

217 1370 300 1391 rem.
333 1362 395 1392 179
483 1365 652 1401 pernoctes
679 1360 978 1401 Regiomontanus
1004 1363 1040 1391 et
1067 1363 1156 1391 teste
1184 1360 1285 1391 Iunio
1313 1360 1387 1390 cod.
1417 1359 1489 1390 Pal.
1518 1359 1627 1400 (quod
1653 1361 1759 1400 negat

219 1411 410 1451 Barthius)‚
434 1412 519 1443 item
542 1412 731 1444 Salmasius
754 1412 833 1443 hist.
859 1411 945 1452 Aug.
971 1422 1004 1452 p.
1032 1412 1106 1448 102,
1130 1421 1220 1452 quae
1242 1411 1327 1442 leuis
1351 1411 1559 1448 coniectura,
1583 1413 1624 1442 ut
1646 1410 1759 1442 solent

218 1463 316 1500 tales,
335 1463 481 1495 subinde
498 1467 687 1495 renouatur
702 1475 708 1495 :
740 1463 840 1504 quasi
856 1473 938 1494 uero
955 1473 1024 1494 non
1041 1463 1262 1494 notissimum
1279 1462 1324 1494 sit
1341 1462 1490 1503 capellas
1506 1465 1613 1493 noctu
1630 1461 1759 1503 saeptis

219 1514 353 1546 clausas
380 1525 481 1546 mane
508 1515 649 1546 demum
676 1518 817 1556 pastum
844 1515 910 1555 agi,
938 1514 1043 1545 Macr.
1071 1514 1143 1546 Sat.
1173 1522 1187 1544 1
1215 1515 1254 1545 17
1282 1515 1320 1545 41
1348 1514 1485 1554 pecori.
1505 1537 1512 1545 .
1532 1537 1539 1545 .
1557 1513 1644 1554 quod
1669 1516 1758 1545 ante-

220 1565 380 1597 lucanum
392 1570 467 1606 post
483 1570 679 1597 nocturnam
689 1566 817 1607 samem
832 1565 876 1597 ad
888 1569 1025 1606 pastum
1037 1565 1176 1596 stabulis
1188 1565 1373 1605 expellitur,
1387 1565 1491 1597 Culic.
1509 1566 1597 1596 44-ss
1612 1564 1759 1596 tenebras

219 1627 341 1649 aurora
366 1617 503 1658 fuyarat
521 1628 531 1649 .·
555 1616 727 1661 {propulit
758 1628 774 1648 e
803 1617 944 1648 stabulis
974 1617 1017 1648 ad
1045 1617 1172 1656 pabula
1202 1617 1288 1648 laeta
1318 1617 1462 1656 capellas
1483 1616 1630 1660 {pastam
1663 1616 1758 1658 Calp.

222 1668 297 1700 buc.
328 1677 350 1699 V
378 1670 421 1700 29
448 1679 498 1710 sq.
528 1669 660 1700 dumeta
687 1668 825 1709 capellis
846 1667 850 1711 Ι
870 1671 938 1699 orto
965 1668 1032 1699 sole
1058 1667 1163 1699 (labis.
1211 1678 1294 1698 nam
1321 1668 1356 1698 in
1384 1667 1461 1699 Sen.
1492 1667 1619 1699 Phaed.
1652 1668 1759 1699 18-20

219 1730 285 1760 qua
308 1720 480 1751 comitatae
502 1718 505 1763 Ι
525 1720 675 1760 yreqibus
695 1719 818 1760 paruis
841 1723 1002 1750 nocturna
1023 1722 1140 1759 petunt
1162 1717 1166 1761 Ι
1184 1718 1310 1758 pabula
1327 1718 1416 1759 fetae
1439 1722 1610 1750 nocturna
1630 1718 1760 1760 pabula

221 1775 304 1802 sunt
322 1781 412 1812 quae
430 1774 532 1802 nocte
553 1774 810 1807 succreuerunt,
836 1771 871 1801 in
895 1770 996 1801 Mart.
1022 1770 1103 1810 Cap.
1125 1771 1189 1801 919
1212 1773 1309 1801 noctu
1333 1768 1337 1812 Ι
1356 1770 1466 1809 pascit
1485 1773 1591 1801 monte
1615 1770 1761 1810 capellas

221 1822 264 1853 de
299 1822 398 1853 Luna
432 1826 468 1854 et
503 1823 722 1863 Endymione
754 1820 917 1853 'fabulosa
951 1822 1106 1852 narratio
1141 1824 1203 1852 est.
1260 1831 1372 1862 neque
1402 1824 1465 1852 aut
1492 1821 1647 1853 Withofii
1680 1832 1758 1853 con-

220 1874 389 1905 iecturam
413 1874 564 1914 pernices
590 1877 652 1905 aut
678 1883 768 1905 noua
791 1883 852 1913 pro
879 1872 966 1904 notis
991 1872 1211 1913 probauerim
1303 1874 1455 1906 140—156
1481 1882 1559 1903 cum
1585 1873 1699 1904 Tauro
1724 1876 1761 1905 et

220 1925 362 1966 quidem
384 1936 463 1956 cum
485 1928 585 1956 sexta
605 1929 705 1966 parte
726 1925 799 1956 eius
820 1924 979 1956 oriuntur
1001 1923 1147 1961 Pliades,
1170 1934 1257 1964 quas
1278 1924 1314 1954 in
1334 1923 1394 1955 illa
1414 1927 1514 1964 parte
1535 1923 1666 1956 Plinius
1687 1924 1758 1956 n.h.

221 1985 249 2007 11
271 1977 344 2013 123,
365 1977 401 2008 in
420 1977 524 2008 tertia
544 1980 739 2017 quartaque
758 1976 858 2017 ponit
878 1976 1098 2007 Ptolemaeus
1117 1979 1209 2016 synt.
1231 1983 1284 2006 VII
1303 1977 1323 2006 5
1343 1974 1459 2015 (Heib.
1478 1975 1546 2006 uol.
1564 1984 1578 2006 1
1592 1975 1617 2006 ii
1635 1986 1668 2017 p.
1691 1976 1758 2016 91).

220 2038 281 2059 eae
304 2039 397 2065 uero,
421 2039 500 2059 cum
524 2028 632 2069 magis
655 2038 675 2059 a
698 2027 992 2069 septentrionibus
1015 2027 1102 2058 sitae
1124 2027 1205 2063 sint,
1230 2029 1311 2057 ante
1334 2027 1493 2057 oriuntur
1514 2036 1621 2067 quam
1642 2030 1760 2068 partes

218 2079 298 2110 illae
321 2079 481 2120 ecliptici,
506 2079 652 2120 Hyadas
675 2082 805 2116 autem,
829 2089 916 2119 quas
940 2088 1019 2109 cum
1041 2078 1168 2109 Arietis
1191 2080 1290 2118 parte
1314 2086 1420 2108 XXVII
1442 2081 1620 2118 surgentes
1643 2079 1761 2110 mirati

220 2141 339 2162 sumus
360 2141 416 2161 uu.
441 2131 503 2161 118
523 2141 586 2171 sq„
608 2130 719 2161 multo
738 2130 951 2171 praecedunt
1043 2131 1106 2162 140
1131 2131 1193 2161 141
1214 2129 1431 2170 interpunxit
1452 2128 1639 2166 Bentleius,
1660 2129 1761 2161 aliter

221 2181 371 2223 Scaliger
463 2184 525 2215 140
553 2190 692 2213 auersos
720 2180 880 2222 Scaliger,
909 2180 1070 2212 aduersos
1097 2179 1186 2216 libri,
1216 2179 1295 2210 uide
1323 2180 1367 2210 ad
1396 2188 1409 2210 1
1436 2180 1501 2210 264
1588 2190 1759 2221 praeceps,

220 2233 335 2274 capite
361 2233 522 2264 deorsum
548 2243 669 2264 uerso:
710 2236 802 2263 recte
828 2232 944 2272 Fayus
1035 2239 1115 2262 cum
1139 2230 1270 2262 tollitur
1296 2230 1483 2267 Bentleius,
1510 2231 1687 2272 copellitur
1711 2232 1759 2271 M,

222 2293 287 2325 que
316 2283 483 2315 attollitur
512 2283 550 2322 G,
580 2283 747 2315 attollitur
774 2283 811 2322 L,
840 2285 880 2314 ut
906 2282 1037 2314 tollitur
1065 2282 1214 2323 Scaliger
1303 2285 1403 2318 ortus,
1433 2281 1527 2322 quod
1555 2283 1627 2314 sine
1656 2293 1761 2314 causa

223 2335 401 2366 Bentleius
420 2335 457 2366 in
476 2339 568 2366 artus
589 2335 752 2372 mutauit,
774 2335 819 2366 ad
839 2343 867 2365 11
890 2335 951 2365 153
973 2333 1111 2365 defendi
1131 2333 1256 2364 collato
1277 2341 1320 2364 ΠΙ
1340 2335 1403 2364 415
1425 2333 1576 2364 tollentur
1595 2334 1639 2365 ad
1657 2338 1758 2366 ortus.

223 2387 284 2428 qui
297 2397 438 2417 auersus
451 2387 571 2422 oritur,
585 2387 657 2417 eius
670 2389 766 2417 ortus
780 2386 891 2417 auersi
904 2388 986 2416 sunt
1001 2397 1008 2416 ε
1039 2385 1118 2415 uide
1133 2384 1232 2416 Ouid.
1248 2387 1329 2415 met.
1345 2392 1399 2414 XII
1414 2385 1475 2415 137
1488 2394 1622 2415 auersos
1635 2395 1761 2425 passus

223 2441 316 2469 retro
335 2437 524 2477 gradientis
617 2440 678 2470 141
698 2439 793 2478 parte
809 2436 863 2468 sui
879 2435 944 2475 GL,
961 2437 1073 2477 partes
1089 2435 1125 2467 in
1141 2435 1186 2466 M.
1234 2439 1324 2466 sexta
1337 2438 1432 2475 parte
1447 2435 1514 2472 sui,
1531 2446 1572 2466 ea
1592 2436 1645 2467 sui
1659 2440 1760 2477 parte

223 2489 421 2520 tricensima
443 2498 532 2528 quae
553 2488 672 2519 ordine
693 2492 793 2519 sexta
808 2491 861 2519 est
876 2500 884 2525 ;
916 2497 999 2527 pars
1015 2487 1106 2518 enim
1123 2487 1249 2525 gradus
1265 2490 1328 2523 est,
1346 2489 1386 2517 ut
1405 2487 1478 2523 159,
1495 2487 1571 2523 270,
1589 2487 1664 2524 293,
1682 2488 1759 2524 337,

223 2540 300 2576 357,
318 2540 393 2576 365,
411 2540 486 2576 490,
506 2540 580 2575 631,
601 2549 713 2580 neque
735 2549 882 2580 usquam
904 2539 954 2569 ita
976 2537 1145 2569 ordinalia
1166 2538 1307 2568 nomina
1329 2537 1507 2568 adduntur
1525 2541 1565 2569 ut
1583 2537 1654 2569 tale
1675 2539 1760 2579 quid

223 2590 418 2632 significent
445 2589 548 2630 quale
575 2590 630 2621 hic
658 2590 842 2630 significari
869 2589 994 2620 uolunt
1023 2589 1172 2629 Scaliger
1199 2592 1234 2620 et
1262 2588 1427 2620 Petauius
1453 2588 1532 2619 diss.
1558 2589 1602 2619 ad
1626 2589 1759 2621 uranol.

224 2653 257 2683 p.
282 2642 335 2678 96,
358 2651 465 2672 unam
486 2651 528 2672 ex
551 2641 637 2681 signi
659 2641 694 2671 in
710 2651 769 2671 sex
786 2651 915 2681 aequas
932 2643 1048 2681 partes
1064 2640 1166 2671 diuisi
1182 2639 1410 2681 portionibus,
1428 2639 1581 2680 quinque
1596 2639 1760 2680 gradibus

225 2695 446 2724 constantem
535 2691 611 2723 luce
634 2700 766 2723 sorores
789 2691 835 2730 M,
859 2691 945 2723 lucis
969 2691 1087 2722 odores
1111 2690 1176 2727 GL,
1201 2690 1314 2731 (lucis)
1343 2690 1463 2722 odoras
1491 2690 1564 2721 eod.
1595 2690 1759 2723 Venetus.

225 2752 238 2775 1
267 2744 330 2775 297
359 2747 480 2783 septem
508 2742 602 2774 illam
630 2742 802 2782 (Helicen)
831 2742 940 2773 stellae
965 2746 1122 2774 certantes
1146 2742 1273 2773 lumine
1297 2742 1432 2781 siquant
1522 2743 1585 2774 142
1610 2741 1760 2782 pleiadas

227 2795 310 2827 Vrb.
340 2796 414 2832 668,
441 2793 569 2837 pleidas
595 2793 642 2833 M,
665 2793 812 2836 pleiades
838 2793 875 2832 L,
902 2792 1049 2835 peliades
1075 2792 1103 2825 G
1193 2792 1423 2834 aspirantibus
1451 2793 1524 2830 175,
1551 2792 1630 2823 uide
1653 2793 1758 2825 etiam
