1855 3088
550 115 1032 158 ASTRONOMICON
1063 114 1104 157 V
1539 117 1558 154 1
1567 117 1589 155 7

227 225 384 279 egelido
404 226 572 268 stellata
591 226 700 281 polo,
723 241 807 281 qua
826 227 1000 268 dextera
1019 241 1116 282 pars
1135 231 1211 277 est,

225 299 360 340 officio
379 300 521 354 magni
539 305 676 341 mater
694 301 820 342 Iouis.
878 301 949 342 illa
968 301 1151 343 Tonanti

225 373 310 414 fida
329 373 529 415 alimenta
549 374 666 415 dedit
686 380 915 429 pectusque
934 375 1112 429 inpleuit
1131 375 1287 416 hiantis

225 447 333 488 lacte
353 461 440 497 suo,
463 448 580 489 dedit
599 453 642 489 et
661 449 808 503 dignas
828 449 883 490 ad
903 449 1079 490 fulmina
1098 449 1218 490 uires.

106 528 170 559 135
224 520 321 562 hinc
346 521 534 576 trepidae
554 527 716 563 mentes
735 523 1096 578 tremebundaque
1117 523 1242 564 corda
1262 527 1457 564 creantur

225 609 426 649 suspensa
445 595 499 637 ad
517 596 717 650 strepitus
736 596 982 652 lenibusque
1002 596 1184 638 obnoxia
1204 597 1350 638 causis,

225 668 288 710 his
309 669 437 710 etiam
456 669 642 725 ingenita
663 675 726 711 est
745 670 908 712 uisendi
926 671 1071 726 ignota
1091 671 1256 725 cupid0‚

67 819 106 848 ut
130 817 220 858 Hyg.
246 820 327 849 astr.
354 827 382 849 11
407 819 446 850 13
470 819 631 855 traditur,
656 818 802 850 Vulcani
825 818 914 850 filius
936 819 1015 856 fuit,
1039 819 1192 860 piissimo
1216 829 1297 850 sane
1321 819 1431 851 officio
1456 819 1595 860 Capella

65 869 220 900 nondum
237 872 321 900 nata
338 869 459 910 proaui
475 870 528 901 sui
546 873 657 901 mater
673 871 792 902 extitit
882 873 944 904 131
963 870 1090 911 egelido
1108 870 1154 909 M,
1173 872 1206 902 et
1222 870 1331 911 gelido
1348 870 1413 902 GL.
1460 870 1594 910 afflicto,

65 920 327 960 septentrionali
415 921 555 958 stellata,
588 921 688 952 stella
720 921 824 958 facta,
858 923 1138 963 κατηστερισμένη.
1195 922 1480 963 Wageningenus,
1515 931 1595 953 cum

66 971 150 1002 satis
174 975 265 1002 recte
288 975 480 1003 enarrasset
505 972 562 1003 ‘in
585 972 762 1004 stellarum
785 983 968 1004 numerum
990 976 1129 1014 recepta
1144 973 1164 1009 ’‚
1188 976 1307 1004 tamen
1330 973 1503 1004 abstinere
1525 983 1597 1004 non

68 1023 184 1063 potuit
207 1023 291 1063 quin
313 1022 398 1054 caeli
419 1023 671 1063 ignorationem
694 1023 759 1054 sibi
782 1034 860 1054 cum
885 1023 981 1064 Fayo
1008 1027 1044 1055 et
1071 1023 1199 1055 Iacobo
1227 1025 1353 1065 (progr.
1383 1024 1508 1055 Lubec.
1539 1034 1594 1055 an.

71 1074 153 1105 1836
169 1084 202 1114 p.
222 1075 255 1113 6)
272 1084 490 1105 communem
507 1078 699 1106 ostentaret
715 1075 874 1106 addendo
894 1075 901 1087 ‘
916 1075 971 1106 uel
987 1075 1094 1107 stellis
1110 1075 1251 1116 oppleta
1266 1075 1274 1088 ’
1365 1084 1433 1116 qua
1449 1075 1599 1116 Scaliger

68 1125 120 1156 ed.
143 1126 172 1161 1,
192 1133 278 1165 quae
295 1125 384 1156 libri.
431 1125 496 1156 hac
514 1126 756 1156 emendatione
774 1126 869 1157 faeta
887 1136 957 1157 non
976 1129 1028 1157 est
1048 1136 1108 1157 cur
1130 1126 1287 1158 Bentleio
1308 1137 1446 1157 uersum
1468 1126 1598 1157 delenti

66 1175 272 1206 accedatur:
316 1179 417 1207 cauet
444 1179 559 1216 poeta,
589 1179 630 1207 ut
661 1178 722 1207 105
750 1187 817 1217 qua
844 1177 952 1208 dexter
982 1177 1106 1208 Boreas
1133 1178 1251 1217 spirat,
1281 1188 1324 1208 ne
1353 1177 1598 1209 obliuiscamur

67 1226 190 1257 dextra
206 1227 269 1257 hoc
282 1226 369 1257 libro
382 1227 448 1257 dici
461 1227 755 1267 septentrionalia.
803 1237 1017 1268 quamquam
1029 1238 1099 1259 non
1111 1228 1262 1259 reticebo
1278 1228 1407 1260 dextera
1419 1231 1598 1269 praeterea

67 1277 161 1319 apud
191 1277 368 1308 Manilium
400 1288 470 1308 non
500 1278 638 1318 reperiri
729 1280 793 1311 132
823 1278 939 1319 magni
963 1281 1072 1310 mater
1102 1278 1167 1317 GL,
1193 1281 1303 1311 mater
1332 1279 1449 1320 magni
1472 1279 1508 1311 M

114 1331 176 1362 133
205 1329 273 1360 fida
302 1328 465 1360 alimenta
495 1331 505 1369 (
518 1329 796 1369 :fidaanmenta)
828 1329 987 1370 Scaliger,
1017 1329 1244 1361 fundamenta
1272 1330 1362 1367 libri,
1393 1330 1496 1361 Firm.
1529 1339 1597 1361 vm

69 1381 88 1410 6
110 1381 128 1411 7
149 1380 187 1411 in
208 1380 333 1411 Arietis
350 1384 445 1419 parte
468 1385 574 1417 XXX,
599 1390 682 1420 quae
702 1390 784 1420 pars
808 1384 930 1411 totum
955 1391 1061 1420 supra
1088 1384 1224 1412 terram
1251 1392 1378 1421 semper
1405 1381 1595 1419 ostendit,

68 1431 211 1462 exoritur
242 1431 365 1471 Capra,
397 1441 496 1471 quam
520 1431 671 1472 fabulosi
698 1435 812 1471 poetae
844 1431 1036 1462 alimenta
1066 1431 1123 1472 (al.
1160 1432 1317 1472 lamenta)
1352 1433 1468 1464 uolunt
1502 1433 1597 1464 Ioui

67 1482 268 1513 immulsisse
298 1482 466 1519 nutricia3
510 1482 589 1513 uide
620 1482 732 1513 Germ.
765 1482 888 1523 phaen.
924 1483 1031 1514 165-8
1058 1486 1198 1522 putatur
1219 1481 1223 1526 Ι
1243 1484 1359 1515 nutrix
1387 1494 1455 1515 esse
1488 1484 1596 1521 Iouis,

65 1533 97 1564 si
124 1544 198 1564 uere
228 1533 383 1572 Iuppiter
411 1532 527 1573 infans
561 1531 565 1575 Ι
596 1533 715 1564 ubera
743 1533 895 1564 Cretaeae
923 1533 1037 1564 mulsit
1059 1533 1276 1574 fidissima
1306 1534 1447 1574 Caprae,
1469 1533 1598 1577 {sidere

65 1595 147 1624 quae
159 1584 246 1615 claro
257 1588 387 1624 qratum
403 1587 538 1614 testatur
556 1584 775 1615 alumnum.
823 1585 1072 1624 grammaticen
1086 1585 1231 1616 oratoris
1245 1586 1353 1616 futuri
1366 1586 1597 1617 fundamenta

65 1636 173 1666 iacere
196 1635 261 1676 legi
285 1635 401 1672 Quint.
427 1635 505 1665 inst,
532 1643 546 1665 I
568 1636 588 1665 4
612 1637 655 1672 53
692 1635 825 1666 dedisse
849 1635 926 1666 Ioui
948 1635 1178 1667 fundamenta
1200 1637 1370 1667 nutricem
1394 1647 1464 1668 non
1488 1638 1596 1678 magis

66 1697 171 1727 quam
201 1685 376 1717 Bentleius
405 1685 552 1717 Iacobus
582 1685 755 1717 Breiterus
784 1687 1019 1723 concesserim,
1049 1697 1138 1727 quae
1166 1687 1316 1718 infantes
1345 1698 1365 1718 a
1394 1689 1596 1728 parentibus

66 1738 206 1769 habent.
257 1737 460 1769 Censorinus
478 1737 520 1768 de
537 1737 570 1768 d.
589 1740 661 1768 nat.
684 1738 719 1768 11
741 1739 761 1768 5
775 1741 809 1768 ut
822 1737 923 1768 initia
935 1738 1074 1769 seminis
1086 1741 1114 1769 et
1126 1738 1265 1769 lacteum
1278 1739 1362 1769 illud
1374 1740 1596 1779 conceptionis

59 1789 318 1830 fundamentum
340 1788 500 1828 primitus
525 1788 582 1819 hoc
607 1798 742 1819 nurnero
768 1790 886 1828 (XXXV
911 1789 1057 1828 dierum)
1084 1789 1276 1826 absoluitur,
1302 1791 1350 1821 sic
1375 1790 1432 1821 hoc
1458 1791 1596 1822 initium

59 1840 199 1881 formati
221 1839 367 1870 hominis
390 1843 418 1870 et
442 1839 531 1870 uelut
555 1839 694 1870 alterum
717 1839 958 1870 maturescendi
974 1839 1244 1880 fundamentum,
1264 1865 1270 1870 .
1291 1865 1297 1871 .
1318 1865 1324 1871 .
1343 1851 1418 1872 cum
1442 1842 1485 1872 ad
1508 1842 1596 1873 diem

67 1897 150 1924 CCX
174 1891 337 1931 peruenit,
366 1894 534 1921 maturum
558 1894 758 1930 procreatur.
807 1891 901 1931 quod
928 1894 1047 1921 autem
1075 1891 1248 1922 Breiterus
1280 1893 1426 1924 coniecit
1456 1893 1596 1925 tonandi

57 1943 279 1984 fundamenta
298 1952 360 1973 nec
379 1952 440 1982 per
458 1952 493 1972 se
514 1941 599 1972 bene
618 1941 744 1973 dicitur
763 1945 798 1972 et
817 1945 982 1982 sequente
1001 1943 1122 1973 statim
1141 1942 1260 1982 dianas
1279 1943 1322 1973 ad
1334 1943 1486 1984 fulmina
1505 1945 1595 1976 uires

62 1994 258 2026 excluditur
349 1995 499 2026 135—139
520 1992 605 2023 facit
628 1992 766 2033 Capella
787 1992 950 2024 sollicitos
971 1995 1007 2023 et
1028 2003 1120 2024 noua
1141 1993 1274 2024 uisendi
1296 1995 1438 2034 cupidos
1530 1998 1594 2030 135

63 2046 142 2077 hinc
170 2044 235 2083 GL,
264 2043 342 2075 huic
373 2043 409 2075 M
498 2043 647 2084 trepidae
678 2043 714 2074 P.
745 2044 949 2075 Thomasius
979 2044 1111 2075 lucubr.
1140 2044 1232 2075 Man.
1262 2055 1294 2086 p.
1325 2046 1355 2082 9,
1384 2045 1471 2078 fidae
1502 2046 1594 2079 GLM

64 2097 222 2133 absurde,
250 2095 386 2127 timidae
413 2094 503 2126 Flor.
532 2098 567 2126 et
595 2094 707 2131 Bodl.,
732 2095 880 2134 pauidae
908 2095 1119 2127 Cartaultius
1146 2096 1182 2127 in
1209 2096 1329 2127 Revue
1357 2097 1509 2138 Critique
1537 2109 1592 2130 an.

66 2149 150 2180 1889
171 2158 277 2178 mens.
300 2146 402 2177 Mart.
425 2157 458 2187 p.
484 2146 555 2178 193.
597 2145 688 2187 fidae
709 2146 794 2177 nihil
814 2146 908 2177 aliud
929 2157 1001 2177 esse
1022 2148 1176 2187 suspicor
1196 2157 1301 2188 quam
1316 2148 1440 2188 fidaali
1459 2149 1594 2181 litteras

63 2200 142 2232 huic
164 2203 324 2231 MENTes
350 2198 542 2238 adscriptas
569 2207 648 2228 cum
677 2197 726 2229 illi
750 2197 1014 2238 fundaMENTa
1047 2198 1192 2229 adscribi
1225 2198 1399 2230 deberent.
1447 2201 1594 2240 trepidae

62 2252 180 2292 legisse
199 2250 338 2281 uidetur
357 2249 524 2279 Firmicus
543 2257 611 2279 VIII
631 2249 650 2279 6
671 2250 689 2279 7
709 2249 904 2288 quicumque
923 2249 981 2280 hoc
1000 2249 1104 2280 sidere
1123 2249 1196 2280 nati
1209 2249 1349 2290 fuerint,
1370 2255 1465 2282 erunt
1485 2252 1594 2283 nimia

63 2301 205 2334 mentis
236 2299 506 2340 trepidatione
537 2299 674 2330 solliciti
710 2303 738 2330 et
775 2310 919 2339 quorum
956 2310 1076 2339 corpus
1113 2300 1272 2332 assiduus
1304 2305 1445 2333 tremor
1466 2313 1595 2343 semper

63 2354 242 2393 impuqnet.
291 2354 444 2382 ceterum
466 2361 509 2382 ne
532 2351 587 2381 cui
610 2351 711 2381 nimis
734 2351 939 2391 displiceant
961 2351 1131 2390 trepidae.
1152 2375 1158 2382 .
1179 2375 1185 2382 .
1204 2352 1412 2384 tremibunda
1435 2355 1490 2392 (ut
1512 2358 1595 2386 sunt

63 2405 230 2436 lectorum
271 2402 475 2434 coniecturis
514 2402 731 2433 inimicorum
768 2402 871 2433 corda
907 2412 1073 2442 suspensa
1109 2402 1155 2433 ad
1191 2403 1355 2444 strepitus
1391 2404 1595 2446 lenibusque

64 2455 215 2487 obnoxia
232 2454 368 2492 causis),
387 2454 609 2484 conferantur
627 2453 708 2484 Luc.
728 2462 767 2483 IX
786 2454 848 2484 675
867 2453 1032 2492 trepidum
1049 2477 1056 2484 .
1076 2477 1083 2484 .
1103 2477 1109 2484 .
1129 2457 1314 2485 trementem
1331 2458 1366 2486 et
1383 2456 1595 2496 optimorum

64 2507 219 2538 codicum
243 2505 452 2536 auctoritate
474 2504 605 2535 tradita
629 2504 726 2544 Verg.
752 2504 835 2534 Aen.
861 2513 903 2534 111
926 2505 989 2535 627
1012 2504 1134 2544 trepidi
1155 2508 1323 2536 tremerent
1344 2508 1379 2537 et
1402 2506 1478 2538 Sen.
1503 2507 1593 2540 H.O.

65 2559 127 2590 985
144 2556 272 2596 trepida
288 2555 368 2596 quid
386 2555 517 2586 tremuit
607 2557 766 2586 creantur
784 2554 864 2593 GL2,
884 2557 1017 2587 creatur
1035 2555 1098 2587 LM
1189 2558 1252 2589 136
1270 2566 1434 2597 suspensa
1452 2558 1543 2589 Flor.
1561 2562 1597 2590 et

65 2608 176 2645 Bodl.,
196 2610 232 2638 at
249 2607 301 2647 (in
318 2606 423 2645 Flor.)
442 2606 613 2637 Lucianus
632 2605 814 2636 Muellerus
833 2606 875 2636 de
892 2616 966 2637 r.m.
986 2617 1019 2647 p.
1039 2607 1102 2638 320
1121 2607 1172 2638 ed.
1188 2608 1216 2643 1,
1230 2608 1388 2648 strepitus
1408 2609 1596 2646 Bentheius,

64 2667 243 2700 suspensas
269 2657 417 2698 trepidus
443 2656 508 2695 GL,
533 2656 706 2697 suspinsas
736 2656 876 2697 trepitus
903 2659 1001 2697 (corr.
1029 2668 1071 2688 ex
1096 2657 1258 2699 trepidus)
1284 2658 1329 2690 M.
1358 2659 1431 2690 Liu.
1460 2668 1483 2691 v
1508 2662 1550 2691 47
1577 2662 1597 2692 3

64 2711 243 2742 sollicitum
275 2708 404 2739 animal
437 2707 480 2738 ad
513 2712 690 2739 nocturnos
724 2708 883 2749 strepitus
972 2717 1037 2749 que
1069 2709 1116 2748 M,
1148 2720 1215 2740 om.
1250 2709 1303 2741 GL
1396 2714 1458 2744 137
1492 2711 1596 2743 etiam

66 2761 183 2799 GL2M,
206 2760 299 2801 quod
320 2759 403 2800 legit
424 2758 592 2790 Firmicus
613 2768 681 2790 VIII
704 2760 722 2790 6
745 2761 775 2796 7,
799 2759 903 2791 etiam
923 2761 1040 2792 tamen
1061 2760 1098 2799 L,
1120 2762 1237 2792 tamen
1258 2761 1332 2792 cod.
1356 2762 1508 2794 Venetus

108 2811 260 2854 ingenita
286 2812 337 2842 est
367 2810 554 2847 Bentleius‚
585 2809 752 2851 ingeniest
781 2810 827 2848 M,
855 2810 1026 2852 ingeniem
1055 2811 1092 2850 L,
1122 2811 1297 2853 ingentem
1323 2813 1397 2843 cod.
1430 2813 1595 2851 Venetus,

812 2874 833 2895 B
