1855 3088
208 91 287 131 160
504 91 564 133 M.
598 91 849 135 MANILII
881 93 1365 140 ASTRONOMICON
1397 97 1437 139 V

201 198 276 230 cod.
304 199 409 242 Lips.,
436 211 510 241 -que
533 205 621 233 uetat
644 202 713 234 alii.
761 203 855 244 quod
880 204 924 235 ad
949 205 1125 237 Tiberium
1150 206 1244 238 urbis
1269 207 1485 240 conditorem
1510 209 1640 241 attinet
1663 209 1743 241 uide

202 251 310 282 etiam
331 251 420 284 Stat.
444 253 550 284 Theb.
575 262 599 284 X
622 255 685 286 787
707 265 757 295 sq.
781 255 967 287 concinitur
989 257 1220 297 (Menoeceus)
1243 258 1408 290 Cadmum
1428 263 1524 300 atque
1545 259 1742 300 Amphiona

201 311 308 342 supra
328 300 334 346 Ι
353 303 509 335 conditor.
558 307 712 337 ceterum
735 306 777 338 de
800 307 1020 347 quorundam
1044 308 1204 350 opinione
1227 310 1287 350 qui
1310 310 1488 343 Tiberium
1510 311 1575 343 sub
1598 311 1741 354 Scorpio

202 356 326 385 natum
343 364 415 386 esse
431 355 556 387 uolunt
572 367 663 388 nunc
680 357 752 388 dixi
769 368 826 399 pp.
849 360 910 391 113
927 369 978 400 sq.

248 406 312 438 780
335 415 455 437 eorum
479 417 583 439 causa
607 408 667 449 qui
690 419 706 439 s
729 408 885 441 litteram
908 411 1095 452 repetitam
1118 411 1185 443 sibi
1209 411 1390 444 offensioni
1413 424 1486 445 esse
1510 414 1667 446 animum
1690 414 1740 446 in-

202 454 379 489 duxerunt
397 457 489 490 addo
507 459 614 490 etiam
632 459 716 491 Hor.
737 460 837 502 epist.
858 469 886 492 11
906 462 921 493 1
942 463 962 493 2
980 472 1031 493 res
1050 461 1157 494 Italas
1175 463 1280 494 armis
1297 464 1412 496 tuteris
1429 464 1575 496 moribus
1591 475 1686 496 ornes
1704 468 1740 497 et

202 516 342 540 uersum
359 509 420 540 uix
439 509 553 542 minus
571 511 771 543 horribilem
789 515 854 544 art.
878 514 940 545 166
959 514 1129 546 conuersis
1147 514 1270 546 studiis
1288 519 1378 547 aetas
1397 516 1596 557 animusque
1613 515 1740 554 uirilis,

200 561 380 599 praeterea
399 560 480 592 Eur.
502 561 554 593 El.
575 563 685 595 446—8
705 565 854 604 πρυμνὰα·
868 563 998 596 ’Όσσασ
1022 567 1111 606 leptis·
1135 567 1244 597 νάπασ
1268 568 1446 606 Νυμφαίασ
1469 569 1610 599 σκοπιὰσ
1631 569 1742 608 κόρασ,

201 610 395 643 cuiusmodi
416 611 516 653 plura
538 613 676 655 collegit
696 614 889 647 Lobeckius
911 616 957 648 ad
978 616 1082 658 Soph.
1106 617 1159 648 Ai.
1184 618 1258 649 726.
1305 617 1549 650 Lachmannus
1571 629 1687 660 opuse
1712 627 1741 650 11

200 671 234 702 p.
258 663 320 693 112
344 662 351 675 ‘
366 663 421 695 die
441 663 572 696 Rbmer
591 665 719 698 h6rten
739 666 837 698 nicht
860 677 897 698 so
920 667 991 699 fein
1014 668 1076 699 wie
1099 668 1186 700 Voss
1202 668 1222 706 ’,
1243 670 1304 710 qui
1324 669 1441 701 Guieti
1460 669 1742 702 emendationem

200 711 276 744 Tib.
291 722 305 744 1
319 714 339 745 6
352 715 395 746 39
408 714 525 747 absitis
538 716 689 757 quisquis
701 717 782 749 colis
795 718 884 758 (colit
896 718 989 759 libri)
1003 719 1175 760 simulque
1188 723 1312 761 poetae
1324 723 1436 753 artem
1449 721 1497 753 sic
1510 721 1740 763 uituperarat‚

203 763 212 777 ‘
225 764 309 797 aber
325 765 387 797 das
404 766 643 800 abscheuliche
660 768 803 801 Gezisch
820 770 915 801 ward
930 770 1020 802 noch
1037 771 1235 803 zischender
1250 771 1270 804 ’.

246 817 311 849 ’796
334 817 429 858 quod
455 817 677 851 Germaniam
703 831 724 852 a
750 821 837 852 mari
863 824 1034 863 terraque,
1062 832 1132 854 non
1159 832 1253 854 mare
1279 826 1477 864 terramque
1504 834 1525 855 a
1552 823 1743 856 Germania

201 867 353 900 uicissim
367 870 477 902 teneri
491 870 647 903 dixeram
661 871 980 914 adscripseramque
995 873 1076 905 Luc.
1093 883 1107 905 1
1120 875 1185 906 409
1199 884 1249 915 sq.
1266 874 1346 906 litus
1361 874 1567 916 (Belgicum)
1583 899 1590 907 .
1608 899 1616 907 .
1634 899 1640 907 .
1657 878 1743 907 terra

194 917 384 961 fretumque
405 919 410 964 Ι
429 921 582 954 uindicat
622 922 759 955 alternis
799 924 942 961 uicibus,
984 924 1261 967 Wageningenus
1301 926 1450 958 eundem
1489 926 1588 958 illum
1626 926 1742 958 locum

200 971 319 1011 (quem
342 972 387 1004 ad
410 972 628 1015 Hispaniam,
653 974 745 1007 unde
768 975 930 1008 uidelicet
954 976 1078 1008 Caesar
1100 987 1237 1017 sparsas
1258 987 1318 1018 per
1341 977 1472 1009 Gallica
1494 987 1575 1009 rura
1597 977 1741 1009 cohortes

199 1032 292 1054 anno
323 1024 367 1056 49
398 1026 563 1063 euocarit,
596 1027 768 1068 pertinere
800 1027 959 1068 credidit)
992 1027 1145 1060 traditae
1175 1028 1333 1061 lectionis
1365 1029 1603 1061 defendendae
1634 1039 1740 1061 causa

200 1074 333 1107 attulit.

246 1127 311 1160 '797
333 1126 527 1168 Aquarium
541 1132 678 1161 saetoso
693 1139 948 1171 squamosoque
964 1130 1161 1172 Capricorni
1176 1131 1285 1163 sidere
1301 1131 1483 1163 molliorem
1497 1132 1565 1163 dici
1580 1131 1742 1164 omnibus

199 1178 421 1219 perspicuum
453 1190 527 1212 esse
560 1180 773 1213 credideram
788 1194 795 1213 ε
844 1192 936 1214 nunc
970 1182 1218 1224 Wageningeni
1251 1193 1364 1215 errore
1398 1183 1598 1215 admonitus
1632 1183 1740 1215 etiam

202 1228 332 1261 bonum
348 1231 574 1272 interpretem
591 1232 798 1274 Pingraeum
814 1233 942 1265 falsum
958 1244 1030 1266 esse
1047 1234 1158 1266 uideo.

247 1283 311 1315 '798
335 1281 498 1315 O.C.A.G.
521 1292 589 1315 VIII
607 1285 643 1316 iv
662 1294 695 1326 p.
717 1285 782 1316 227
805 1286 891 1317 30-2
912 1284 1124 1327 (Sarapionis
1143 1285 1382 1326 Alexandrini)
1406 1287 1482 1318 ὅταν
1505 1287 1521 1318 ὁ
1546 1287 1626 1318 Ζεὺσ
1651 1287 1703 1319 καὶ
1726 1287 1742 1318 ὁ

201 1333 328 1373 Κρόνοσ
358 1336 569 1366 συνοδεύωσιν
598 1338 651 1367 ἐπὶ
678 1338 735 1367 τοῦ
756 1336 938 1377 ’Τδροχόοω
967 1339 1057 1368 ἔσται
1084 1350 1158 1369 τισ.
1174 1362 1181 1369 .
1198 1362 1204 1369 .
1220 1339 1417 1376 ἐπισημασία
1445 1339 1568 1379 ὀχληρὰ
1593 1339 1674 1370 κατὰ
1702 1338 1742 1369 τὰ

198 1385 307 1425 βόρεια
324 1387 465 1424 κλίματα
481 1388 521 1418 τὰ
538 1389 771 1427 συνεγγίζοντα
787 1387 827 1427 τῇ
844 1389 916 1420 καθ’
933 1389 1021 1426 ἡμᾶσ
1037 1389 1255 1430 (Aegyptios)
1275 1390 1435 1429 θαλάσσῃ.

245 1437 309 1470 ’799
332 1436 375 1468 de
390 1447 451 1478 que
466 1440 502 1470 et
517 1441 545 1470 et
561 1438 640 1470 uide
656 1449 745 1480 quae
760 1450 852 1471 nunc
869 1439 914 1471 ad
929 1449 958 1471 Π
972 1441 1016 1472 28
1032 1440 1114 1472 dixi.
1162 1451 1225 1482 pro
1243 1440 1250 1453 ‘
1265 1450 1279 1472 1
1295 1442 1359 1472 718
1375 1441 1382 1454 ’
1398 1440 1472 1482 lege
1490 1440 1498 1454 ‘
1512 1449 1542 1473 11
1557 1441 1622 1473 718
1637 1440 1658 1473 ’.

246 1489 311 1521 804
333 1490 368 1520 et
384 1489 465 1520 add.
485 1489 584 1521 Bodl.
633 1501 720 1531 quos
735 1490 896 1523 Lucanus
912 1500 956 1522 m
972 1493 1036 1524 253
1053 1492 1176 1524 statim
1191 1495 1271 1533 post
1288 1492 1475 1524 Carmanos
1492 1495 1742 1525 commemorat

200 1538 392 1582 Aethiopas
408 1542 525 1582 potius
547 1542 689 1574 orientis
707 1542 877 1584 populum
898 1553 971 1574 esse
987 1543 1106 1575 credas
1122 1553 1229 1584 quam
1246 1543 1387 1585 Libyae,
1417 1554 1507 1585 quae
1528 1554 1609 1585 pars
1629 1547 1742 1576 terrae

201 1600 303 1622 uersu
325 1591 466 1624 demum
487 1593 553 1625 292
573 1593 830 1632 introducitur;
862 1604 1077 1635 quamquam
1098 1594 1199 1626 aliter
1219 1595 1334 1626 uisum
1355 1598 1408 1627 est
1424 1595 1544 1627 Seruio
1560 1594 1645 1627 Aen.
1665 1596 1739 1628 795.

201 1641 296 1683 apud
312 1641 431 1684 Steph.
447 1643 530 1686 Byz.
546 1645 767 1676 scribendum
782 1655 855 1677 esse
871 1648 982 1677 Πανὸσ
995 1647 1100 1687 (gen.)
1117 1648 1217 1685 κώμη,
1231 1649 1272 1678 ut
1283 1646 1387 1688 paulo
1399 1646 1489 1678 infra
1503 1648 1617 1678 Πανὸσ
1633 1648 1743 1684 πόλισ,

200 1693 392 1726 ostendunt
407 1705 497 1736 quae
513 1699 706 1737 sequuntur
724 1698 761 1728 τὸ
778 1698 899 1728 ἐθνικὸν
918 1698 1173 1736 Πανοκωμήτησ.

247 1746 312 1778 806
339 1745 452 1786 Tiyris
474 1747 620 1779 alteram
643 1747 774 1789 dactyli
795 1751 933 1790 partem
954 1748 1103 1781 efficiens
1130 1759 1209 1780 rara
1236 1752 1481 1790 praeterquam
1508 1749 1545 1781 in
1569 1749 1680 1789 patris
1706 1752 1742 1781 et

198 1799 294 1837 patre
318 1798 533 1839 correptione
557 1809 600 1830 ex
624 1799 788 1831 trochaeo
812 1800 1025 1841 pyrrichium
1048 1800 1184 1832 factum
1207 1803 1271 1837 est,
1296 1804 1337 1832 ut
1362 1799 1498 1841 Cypron
1521 1800 1606 1832 Hor.
1633 1810 1739 1832 carm.

200 1855 213 1879 1
229 1848 271 1880 30
286 1849 318 1886 2,
336 1848 450 1889 Capra
466 1850 532 1882 Cic.
550 1850 620 1882 n.d.
639 1859 667 1882 11
685 1852 758 1888 110,
774 1861 870 1882 sacra
885 1851 964 1883 Acc.
983 1851 1097 1883 annal.
1114 1852 1156 1883 fr.
1174 1853 1194 1884 3
1210 1853 1241 1889 2,
1259 1852 1343 1883 Hor.
1361 1862 1461 1883 serm.
1479 1860 1493 1883 1
1508 1853 1527 1884 3
1546 1853 1619 1890 117,
1636 1852 1738 1894 Prop.

199 1907 228 1931 11
242 1900 284 1932 23
302 1901 353 1938 15,
370 1900 428 1933 Sil.
444 1909 482 1932 IV
497 1902 561 1934 355
577 1903 673 1942 (nam
688 1902 786 1934 Lucr.
804 1911 827 1934 V
845 1903 930 1934 1164
945 1904 1095 1935 correxit
1111 1903 1281 1943 Orellius).
1330 1903 1428 1944 tigris
1442 1903 1601 1935 animalis
1615 1913 1742 1935 nomen

199 1961 263 1993 pro
281 1951 399 1984 iambo
418 1953 560 1994 ponitur
580 1962 618 1984 1v
637 1954 702 1986 235
722 1956 758 1986 et
778 1962 801 1985 v
821 1955 896 1992 707,
917 1956 959 1986 ut
978 1954 1073 1996 apud
1093 1954 1282 1986 Horatium
1301 1957 1501 1996 utrumque,
1522 1964 1739 1996 quamquam

199 2011 243 2034 ne
258 2002 324 2035 hoc
340 2003 483 2044 quidem
499 2004 619 2036 multis
635 2005 777 2046 placuit.

245 2055 309 2088 830
333 2056 492 2094 ἀμπότεισ
524 2058 575 2087 καὶ
606 2058 798 2098 παλιρροίασ
833 2057 937 2088 maris
969 2060 1219 2089 commemorat
1253 2056 1473 2089 Ptolemaeus
1507 2060 1587 2089 tetr.
1620 2067 1653 2099 p.
1685 2058 1739 2089 22.

199 2104 269 2137 alia
298 2116 352 2138 res
382 2106 596 2148 significatur
627 2110 698 2149 περὶ
728 2109 818 2146 κόσμ.
851 2108 955 2140 Arist.
989 2108 1041 2140 ed.
1076 2108 1184 2140 Bekk.
1216 2119 1250 2150 p.
1282 2109 1369 2140 400&
1394 2109 1482 2141 26-8
1509 2110 1676 2149 ἐπιδρομαί
1703 2121 1740 2140 τε

200 2159 347 2196 κυμάτων
384 2159 436 2190 καὶ
473 2161 698 2200 ἀναχωρήσεισ
734 2162 897 2191 πολλάκισ
933 2162 985 2191 καὶ
1021 2161 1173 2200 ὴπείρουσ·
1212 2161 1442 2192 ἐθαλαττωσαν
1481 2162 1533 2192 καὶ
1573 2161 1741 2192 θαλάττασ

199 2210 394 2250 ἠπείρωσαν,
411 2220 500 2251 quae
516 2210 624 2242 uerba
639 2213 732 2243 recte
748 2212 998 2253 interpretatus
1015 2214 1068 2243 est
1084 2211 1275 2254 Appuleius
1291 2210 1333 2243 de
1350 2211 1481 2243 mundo
1497 2212 1549 2244 34.

245 2262 310 2295 856
333 2261 463 2293 excidit
479 2265 651 2304 punctum
666 2263 702 2294 in
718 2262 786 2294 fine
802 2273 931 2294 uersus.

246 2313 310 2345 860
333 2312 462 2344 Tibulli
482 2324 602 2345 uersus
623 2322 636 2344 1
658 2314 677 2344 2
700 2315 743 2345 58
765 2314 894 2354 (sentiet
916 2314 988 2354 ipse
1009 2313 1110 2353 nihil)
1133 2313 1228 2355 apud
1248 2313 1420 2354 quosdam
1440 2313 1590 2346 editores
1612 2315 1654 2346 60
1675 2317 1738 2346 est.

201 2366 355 2395 ceterum
370 2365 497 2396 nostris
513 2365 728 2406 temporibus
743 2365 849 2406 recipi
865 2368 1028 2406 coeptum
1043 2368 1096 2397 est
1112 2365 1223 2406 ipsius
1238 2366 1346 2396 etiam
1362 2364 1463 2406 Prop.
1480 2373 1519 2396 IV
1534 2367 1554 2397 5
1570 2366 1622 2397 58.

247 2416 311 2448 869
334 2415 414 2447 Tac.
433 2415 514 2447 dial.
535 2417 571 2447 11
589 2420 714 2456 parant
730 2416 820 2448 enim
835 2416 916 2457 quid
932 2416 1065 2448 codices
1082 2427 1144 2458 pro
1158 2420 1335 2456 parantem
1351 2416 1470 2457 inquit.

247 2468 312 2500 882
335 2466 424 2498 adde
448 2467 537 2499 Stat.
559 2467 666 2499 Theb.
689 2476 726 2499 Iv
750 2469 814 2500 735
833 2471 963 2508 superet
983 2468 1021 2506 P,
1041 2471 1189 2509 superest
1209 2481 1243 2505 ω,
1266 2477 1290 2498 x
1310 2469 1374 2500 326
1393 2471 1519 2508 quanta
1537 2467 1740 2509 soporiferae

200 2518 402 2558 superabant
418 2522 566 2559 tempora
581 2519 678 2551 nocti.

246 2571 310 2602 890
328 2569 449 2610 jussus
471 2570 579 2601 etiam
602 2580 644 2601 ex
667 2570 720 2601 his
744 2570 903 2602 codicum
926 2571 1060 2602 mendis
1083 2571 1250 2611 emergit:
1288 2570 1356 2602 Cic.
1382 2570 1478 2602 Arat.
1504 2571 1547 2602 99
1564 2569 1671 2611 fu*sa
1693 2570 1739 2607 H,

195 2620 292 2662 fulsa
308 2620 351 2658 D,
368 2620 450 2652 Luc.
468 2629 491 2652 V
510 2622 573 2652 149
588 2621 756 2662 confessae
771 2621 845 2659 ZM,
863 2630 932 2653 VIII
948 2623 1012 2654 369
1028 2621 1165 2662 effossas
1182 2622 1217 2659 C,
1235 2621 1324 2653 Stat.
1344 2621 1450 2653 Theb.
1469 2630 1507 2653 VI
1523 2622 1587 2652 526
1604 2620 1740 2662 effossae

201 2671 366 2714 plerique,
392 2673 455 2703 723
479 2671 696 2713 circumfulsa
718 2672 756 2703 P.
805 2683 888 2713 quae
911 2673 1010 2704 elidit
1033 2673 1162 2705 Seneca
1184 2676 1322 2714 praeter
1345 2672 1417 2704 H.f.
1443 2673 1507 2704 674
1530 2675 1566 2704 et
1588 2672 1650 2713 Ag.
1675 2673 1740 2704 274

200 2724 308 2755 etiam
322 2723 409 2764 Thy.
427 2724 491 2755 978
505 2733 588 2763 quae
603 2727 748 2763 exoptas,
765 2723 942 2755 Phaedrus
958 2733 1001 2755 111
1018 2725 1057 2755 16
1076 2725 1115 2755 15
1130 2734 1213 2764 quae
1228 2723 1338 2755 arebat
1353 2736 1361 2758 ;
1390 2723 1511 2755 eadem
1526 2733 1646 2755 uersus
1660 2723 1739 2755 sede

200 2774 362 2807 Manilius
378 2784 454 2806 cum
470 2783 499 2806 Π
517 2775 589 2806 136.
637 2775 732 2815 quod
749 2775 794 2806 ad
811 2775 972 2807 datiuum
989 2779 1136 2818 quartae
1152 2776 1293 2814 attinet,
1312 2774 1457 2807 Ouidius
1473 2777 1611 2818 praeter
1625 2774 1740 2808 domui

200 2826 307 2859 etiam
323 2826 429 2858 nurui
445 2825 552 2858 habet
568 2825 638 2857 her.
658 2834 710 2857 VII
727 2827 780 2859 31.
