1855 3088
179 110 233 148 20
770 109 830 150 Μ.
864 109 1115 152 MANILII

339 219 542 261 femineae
562 225 713 270 uestes,
735 235 811 261 neo
831 221 874 262 in
894 235 1018 262 usum
1037 221 1224 276 tegmina
1243 222 1400 277 plantis

338 294 411 335 sed
431 294 623 348 speeiem,
645 295 818 350 fictique
837 295 1006 350 placent
1025 296 1081 337 ad
1099 296 1242 338 mollia
1261 311 1436 352 gressus.

336 373 514 410 naturae
534 369 679 423 pudet,
702 374 831 424 atque
851 369 1021 412 habitat
1040 370 1118 411 sub
1138 376 1306 425 peetore
1326 386 1450 413 caeco

216 449 280 479 155
336 442 526 493 ambitio,
549 448 592 484 et
610 443 807 485 morbum
826 444 998 486 uirtutis
1017 445 1186 486 nomine
1205 445 1381 487 iactant.

335 531 498 571 semper
518 532 659 559 amare
678 533 830 572 parum
849 523 914 559 est
933 534 940 560 :
977 519 1150 573 cupient
1169 524 1213 561 et
1232 534 1373 562 amare
1392 520 1539 562 uideri.

389 591 475 632 iam
492 607 593 633 uero
614 592 800 634 Geminis
820 593 1006 634 fraterna
1025 593 1258 636 ferentibus
1277 599 1392 636 astra

336 665 380 706 in
399 667 561 707 eaelum
582 682 831 722 summoque
850 668 1100 709 natantibus
1119 682 1299 724 aequore
1318 668 1440 724 ponti

336 741 516 795 septima
535 756 632 796 pars
652 742 857 796 Leporem
875 742 1001 784 tollit.
1060 757 1143 797 quo
1164 743 1296 785 sidere
1315 743 1428 785 natis

215 821 280 852 160
335 815 409 855 uix
428 815 516 857 alas
535 821 690 857 natura
709 822 836 871 negat
855 817 1120 872 uolucrisque
1139 822 1305 859 meatus
1325 832 1333 860 ε

335 894 483 931 tantus
503 890 582 932 erit
601 905 675 945 per
693 891 883 932 membra
902 892 1021 946 uigor
1040 892 1263 933 referentia
1282 896 1445 934 uentos.

334 964 402 1005 ille
422 965 536 1018 prius
556 965 692 1006 uictor
712 966 850 1007 stadio
871 980 1000 1020 quam
1019 966 1170 1007 missus
1190 966 1327 1008 abibit
1345 981 1354 1017 ;

172 1120 294 1151 sterilis
317 1124 435 1153 autem
458 1133 521 1163 pro
543 1122 663 1163 glabro
687 1123 812 1154 Latine
835 1134 905 1155 non
928 1123 1067 1161 dieitur,
1091 1134 1203 1165 neque
1225 1124 1381 1155 uirorum
1402 1122 1524 1156 lacerti
1546 1124 1710 1165 (quorum

171 1171 208 1203 in
234 1171 348 1204 locum
378 1173 542 1205 Barthius
569 1175 648 1205 adu.
681 1176 741 1206 160
771 1174 931 1206 bracchia
958 1177 1064 1216 atque
1091 1174 1177 1212 alas,
1204 1175 1321 1216 Fayus
1348 1175 1504 1207 membra
1530 1176 1710 1217 supponit)

172 1222 273 1264 pilosi
292 1235 364 1255 esse
383 1224 506 1262 solent,
528 1226 630 1267 quale
649 1227 776 1257 uitium
795 1227 886 1258 inter
904 1225 1055 1267 reliquas
1075 1226 1225 1258 Socratis
1245 1227 1484 1259 deformitates
1503 1237 1710 1259 commemo-

172 1279 270 1306 ratur
289 1276 381 1307 Hier.
402 1277 481 1308 adu.
501 1277 575 1309 Iou.
596 1287 609 1309 1
627 1278 690 1309 316
710 1278 829 1318 (Mign.
849 1277 919 1310 uol.
938 1287 1037 1308 xxnr
1052 1289 1110 1319 pp.
1131 1279 1195 1310 278
1213 1279 1279 1319 sq.)
1291 1277 1527 1319 foedissimum
1544 1278 1711 1310 hominem

172 1327 270 1358 simis
293 1328 443 1366 naribus,
468 1329 600 1360 recalua
618 1328 739 1370 fronte,
762 1329 884 1369 pilosis
908 1329 1033 1360 ‘ameris
1057 1333 1085 1360 et
1107 1329 1268 1370 repandis
1291 1330 1465 1362 cruribus:
1503 1331 1593 1362 adde
1616 1330 1711 1372 quod

172 1379 290 1419 inepte
310 1380 346 1411 in
366 1380 503 1412 lacertis
524 1385 645 1421 optare
667 1381 831 1412 dicuntur
851 1392 954 1422 quem
974 1382 1010 1412 in
1031 1380 1108 1413 aliis
1128 1381 1291 1413 membris
1312 1382 1472 1422 quamvis
1492 1382 1712 1414 horrentibus

170 1430 238 1470 ipsi
261 1431 414 1463 efficiunt
437 1431 589 1464 leuorem
682 1435 746 1466 152
767 1433 804 1464 in
827 1442 930 1464 usum
955 1432 1144 1470 Bentleius,
1167 1433 1286 1464 insunt
1307 1433 1388 1465 libri
1479 1436 1542 1468 153
1564 1433 1711 1475 speciem

175 1481 363 1520 Bentleius,
386 1484 495 1524 specie
516 1484 596 1515 libri
686 1484 757 1516 ficti
778 1483 859 1523 GL2,
881 1483 959 1516 ficte
981 1483 1017 1522 L,
1039 1483 1140 1516 fictae
1162 1484 1207 1516 M.
1256 1484 1323 1516 Cic.
1347 1485 1389 1516 de
1410 1484 1468 1516 fin.
1493 1494 1522 1516 11
1543 1487 1584 1517 77
1605 1486 1638 1517 si
1659 1485 1710 1517 in-

172 1542 300 1565 cessum
321 1535 475 1575 finqeres,
505 1546 567 1576 quo
595 1536 731 1576 qrauior
759 1536 918 1573 uiderere,
948 1536 1040 1568 Petr.
1074 1537 1135 1567 126
1171 1538 1184 1568 l
1218 1535 1366 1568 incessus
1394 1540 1462 1568 arte
1498 1537 1709 1577 compositus.

167 1583 271 1625 fracti
301 1589 508 1624 κεκλασμένοι
545 1587 734 1625 Bentleius,
764 1588 945 1628 aptissimo
979 1587 1085 1619 uerbo
1114 1588 1221 1627 (Petr.
1254 1588 1316 1619 119
1344 1589 1398 1625 25,
1430 1588 1546 1626 Quint.
1576 1588 1657 1621 inst.
1688 1598 1712 1620 v

174 1637 194 1668 9
213 1638 263 1674 14,
282 1638 375 1669 Hier.
394 1639 478 1679 uirg.
497 1639 582 1670 Mar.
600 1640 654 1676 20,
672 1650 724 1680 ep.
743 1640 785 1670 22
805 1640 857 1679 13)
875 1640 934 1671 sed
950 1639 1023 1671 sine
1039 1649 1143 1670 causa
1235 1642 1298 1673 154
1314 1643 1463 1677 naturae,
1480 1650 1591 1672 sexus
1631 1640 1709 1673 Sen.

173 1692 283 1720 contr.
313 1698 326 1720 Ι
352 1691 459 1730 praef.
489 1691 508 1721 9
535 1690 673 1722 emolliti
699 1701 896 1731 eneruesque
922 1690 1007 1731 quod
1034 1691 1107 1721 nati
1132 1693 1210 1721 sunt
1237 1690 1342 1722 inuiti
1367 1694 1512 1728 manent,
1540 1691 1711 1733 Diogenes

172 1749 228 1780 ap.
259 1740 386 1773 Athen.
418 1753 450 1782 p.
483 1743 567 1773 5650
599 1744 642 1781 μή
672 1756 702 1773 τι
734 1744 823 1782 ἕχεισ
855 1744 1002 1782 ἐγκαλεῖν
1033 1742 1073 1782 τῇ
1102 1745 1206 1782 φύσει,
1237 1744 1284 1774 ὅτι
1311 1744 1410 1783 ἄνδρα
1437 1745 1474 1774 σὲ
1499 1742 1631 1782 ἐποίησε
1658 1746 1711 1776 καὶ

175 1794 209 1822 οὐ
239 1795 401 1831 Ὑυναΐκα,·
437 1793 541 1825 Clem.
570 1793 667 1825 Alex.
696 1794 796 1834 paed.
825 1803 868 1824 111
895 1794 914 1825 3
943 1794 1010 1833 (ed.
1035 1792 1165 1825 St-aehl.
1190 1792 1258 1825 uol.
1282 1803 1295 1825 1
1322 1804 1379 1835 pp.
1408 1795 1473 1825 248
1500 1795 1566 1836 sq.)
1594 1798 1711 1828 παῖδεσ

174 1845 336 1882 ἀρνεῖσθαι
354 1847 410 1881 τὴν
429 1848 525 1884 φύσιν
540 1847 759 1885 δεδιδαγμένοι
777 1848 1024 1886 προσποιοῦνται
1040 1847 1209 1885 Ὑιιναῖκασ,
1225 1844 1378 1877 Maneth.
1392 1854 1430 1876 IV
1443 1847 1503 1877 591
1517 1849 1711 1887 μεμφόμενοι

175 1898 306 1933 φύσεωσ
330 1898 424 1936 ὀρθὴν
451 1898 520 1928 ὁδόν
619 1907 711 1928 caeco
728 1897 854 1928 mentis
870 1907 1018 1928 errorem
1034 1900 1147 1934 notat,
1164 1900 1205 1928 ut
1221 1896 1320 1928 Lucr.
1341 1906 1370 1928 11
1389 1898 1429 1928 14
1446 1901 1578 1937 pectora
1593 1909 1688 1930 caeca
1704 1912 1712 1937 ;

175 1946 254 1977 uide
290 1948 397 1979 etiam
432 1948 513 1979 Luc.
550 1957 574 1979 X
610 1950 671 1980 146
706 1959 756 1989 sq.
794 1958 933 1979 caecus
967 1951 995 1979 et
1030 1958 1145 1979 amens
1173 1946 1177 1991 Ι
1204 1948 1421 1980 ambitione
1442 1947 1541 1989 furor
1649 1953 1712 1985 155

174 1998 321 2035 ambitio,
347 2000 399 2030 sui
427 2001 626 2031 ostentandi
653 1999 820 2037 studium,
843 1999 999 2036 iactatio,
1024 2003 1064 2031 ut
1088 1999 1169 2031 Luc.
1193 1998 1255 2037 1.1.,
1280 2000 1355 2032 Sen.
1383 1999 1425 2032 de
1449 2000 1524 2032 ben.
1550 2010 1588 2033 1v
1615 2002 1654 2033 17
1681 2003 1710 2040 l,

175 2048 257 2080 dial.
276 2059 299 2080 v
317 2051 359 2081 34
381 2052 409 2087 1,
431 2052 547 2089 Quint.
568 2052 648 2083 inst.
670 2060 725 2082 XII
744 2053 763 2082 8
782 2053 812 2082 2.
860 2051 966 2082 Firm.
986 2061 1049 2082 err.
1070 2053 1090 2081 4
1109 2052 1128 2082 2
1147 2051 1259 2082 uidere
1277 2054 1322 2082 est
1340 2052 1378 2083 in
1396 2052 1482 2092 ipsis
1500 2053 1631 2093 templi-s
1648 2078 1655 2084 .
1675 2077 1682 2084 .
1703 2077 1710 2086 .

176 2101 268 2132 uiros
293 2101 469 2133 muliebria
492 2103 566 2143 pati
591 2107 619 2134 et
642 2102 727 2134 hanc
752 2102 881 2143 impuri
904 2106 933 2134 et
957 2102 1124 2142 impudici
1146 2102 1292 2142 corporis
1315 2102 1419 2134 labem
1441 2103 1584 2143 yloriosa
1607 2108 1711 2136 osten-

175 2152 297 2183 tatione
327 2153 477 2193 deteqere.
523 2154 697 2194 publicant
722 2153 880 2195 facinora
909 2164 973 2185 sua
1003 2157 1032 2184 et
1060 2154 1279 2185 contaminati
1307 2155 1453 2194 corporis
1482 2155 1606 2187 uitium
1636 2167 1711 2188 cum

177 2204 323 2235 maxima
342 2205 566 2237 delectationis
584 2206 716 2237 macula
733 2206 927 2247 confitentur
1017 2205 1166 2236 morbum
1183 2209 1223 2236 ut
1241 2205 1316 2237 Sen.
1337 2216 1389 2247 ep.
1410 2207 1451 2238 83
1468 2207 1510 2238 20
1528 2207 1712 2248 inpudicus

177 2256 324 2286 morbum
352 2258 523 2297 profitetur
554 2268 591 2288 ac
620 2257 780 2297 publicat,
812 2258 926 2298 Priap.
959 2258 1001 2288 46
1033 2258 1053 2288 2
1084 2257 1262 2288 morbosior
1291 2257 1444 2289 omnibus
1473 2258 1623 2290 cinaedis

219 2306 349 2339 iactant
365 2307 445 2347 GU,
461 2309 591 2340 lactant
606 2309 668 2340 LM
684 2309 759 2340 eod.
777 2309 930 2340 Venetus
1023 2310 1085 2341 156
1100 2308 1207 2340 uideri
1222 2308 1268 2347 M,
1284 2308 1398 2341 uidere
1414 2308 1468 2341 GL
1559 2313 1711 2345 157—1'73

176 2368 255 2389 cum
273 2359 424 2390 Geminis
441 2364 475 2391 et
492 2361 632 2401 quidem
650 2371 728 2391 cum
745 2361 893 2401 septima
908 2363 1007 2401 parte
1027 2370 1145 2392 eorum
1165 2361 1274 2392 oritur
1297 2360 1428 2401 Lepus:
1449 2364 1586 2402 partem
1605 2371 1713 2394 XXVII

175 2409 260 2441 dicit
284 2410 504 2451 Hipparchus
528 2421 556 2443 11
579 2414 598 2443 2
623 2413 665 2443 34
688 2415 724 2443 et
747 2421 790 2443 111
816 2414 829 2443 1
858 2413 895 2443 11
991 2414 1054 2445 157
1076 2421 1158 2443 uero
1178 2411 1258 2450 GU,
1275 2422 1342 2443 om.
1367 2412 1431 2444 LM
1453 2413 1527 2444 cod.
1545 2413 1710 2452 Venetus,

176 2463 215 2491 ut
231 2460 311 2492 libri
331 2462 527 2493 Lucretiani
548 2472 571 2493 v
590 2464 650 2493 901
669 2475 675 2494 ι
710 2462 839 2494 scilieet
858 2463 1026 2503 scriptum
1049 2463 1163 2494 fuerat
1183 2456 1215 2500 ἅ,
1236 2466 1276 2494 ut
1294 2464 1359 2494 414
1377 2464 1413 2494 in
1433 2463 1496 2495 GL.
1545 2465 1615 2496 iam
1633 2475 1712 2497 uero

175 2520 203 2542 11
214 2513 277 2543 385
367 2516 517 2547 159-173
528 2514 613 2545 facit
624 2514 737 2554 Lepus
748 2525 912 2552 cursores,
923 2513 1067 2555 pugiles,
1079 2515 1207 2555 quique
1217 2513 1295 2555 pilis
1305 2514 1382 2555 plus
1393 2526 1462 2547 uno
1473 2516 1576 2548 modo
1586 2517 1712 2549 ludant

267 2566 329 2597 160
344 2565 501 2602 uolucris,
519 2566 578 2605 qui
595 2564 747 2597 uolando
764 2565 853 2597 fiunt
945 2568 1007 2598 161
1021 2566 1082 2596 erit
1093 2569 1133 2597 ut
1148 2575 1176 2596 11
1188 2567 1263 2603 432,
1275 2576 1335 2606 per
1347 2570 1387 2598 ut
1402 2575 1430 2597 11
1446 2568 1521 2605 352,
1538 2566 1712 2608 referentia

175 2618 215 2646 ut
228 2623 256 2646 11
268 2616 332 2646 249
422 2618 543 2647 uentos
556 2616 603 2654 M,
616 2616 726 2648 uictor
740 2616 793 2648 GL
886 2619 1036 2650 162—171
1054 2620 1223 2657 quattuor
1238 2627 1279 2648 ex
1292 2618 1340 2649 eis
1353 2619 1413 2658 qui
1429 2618 1494 2651 hoc
1511 2619 1620 2650 sidere
1636 2621 1712 2652 nati

175 2669 258 2698 sunt
276 2667 421 2698 describi
439 2671 474 2698 et
492 2667 567 2698 ille.
585 2692 590 2698 .
606 2693 612 2698 .
630 2668 685 2698 ille
703 2678 774 2698 esse
793 2668 902 2699 alius.
919 2692 925 2698 .
942 2692 948 2698 .
963 2668 1053 2699 alius
1073 2668 1245 2699 intellexit
1264 2668 1379 2709 Fayus
1471 2672 1535 2703 162
1555 2671 1710 2702 ordinem

176 2728 248 2749 esse
274 2719 380 2750 uictor
410 2719 522 2756 abibit,
554 2723 594 2750 ut
626 2720 724 2759 Verg.
757 2719 841 2750 Aen.
871 2729 895 2750 X
925 2721 1000 2757 859,
1032 2720 1132 2752 Ouid.
1163 2723 1227 2751 art.
1256 2729 1270 2751 Ι
1300 2721 1375 2758 394,
1405 2730 1433 2752 11
1465 2722 1538 2759 197,
1569 2726 1712 2764 propter

178 2769 471 2810 Wageningenum
490 2770 673 2801 dicendum
692 2773 767 2807 est3
799 2771 844 2802 ad
862 2771 966 2802 uictor
984 2771 1118 2802 aceedit
1135 2772 1253 2809 stadio,
1272 2772 1567 2812 quemadmodum
1585 2773 1712 2805 dicitur

177 2820 301 2852 Catull.
325 2822 366 2853 64
388 2823 451 2853 340
472 2822 577 2854 uictor
597 2822 773 2854 certamine
792 2833 919 2861 cursuS,
937 2823 1042 2855 schol.
1061 2823 1159 2854 Pind.
1179 2822 1232 2855 Ol.
1249 2832 1314 2855 XIV
1332 2825 1347 2855 1
1370 2825 1493 2863 ἐνίκησε
1510 2848 1517 2855 .
1537 2848 1544 2856 .
1564 2848 1571 2856 .
1590 2827 1709 2866 σταδίῳ
