1855 3088
144 158 147 160 v
191 102 245 140 78
783 101 844 143 M.
878 101 1129 143 MANILII

353 212 545 268 Gorgone
564 227 650 254 non
670 212 803 254 leuius
822 218 1060 254 monstrum
1079 214 1335 269 pelagusque
1354 214 1526 256 leuauit.

406 287 596 342 quisquis
614 287 659 328 in
678 287 973 329 Andromedae
993 288 1201 343 surgentis
1220 293 1412 343 tempora
1432 293 1564 344 ponto

227 369 296 400 620
352 361 551 412 nascitur,
573 362 734 403 inmitis
752 362 896 403 ueniet
914 377 1159 417 poenaeque
1178 363 1368 405 minister

351 435 526 477 carceris
547 441 590 478 et
609 436 703 477 duri
723 441 878 487 custos,
901 451 985 491 quo
1005 442 1147 479 stante
1166 437 1344 492 superbe

352 515 590 565 prostratae
610 510 777 552 iaceant
795 511 1043 553 miserorum
1062 511 1106 553 in
1125 511 1268 553 limine
1286 516 1445 554 matres

353 590 657 640 pernoctesque
676 590 819 640 patres
839 586 1015 640 cupiant
1034 591 1224 627 extrema
1243 600 1416 628 suorum

354 659 496 701 oscula
516 664 559 701 et
578 659 622 701 in
641 660 831 714 proprias
851 660 1039 702 animam
1058 661 1284 702 transferre
1303 661 1521 702 medullas.

230 741 298 772 625
354 733 643 789 carnificisque
662 734 782 776 uenit
800 739 983 776 mortem
1001 735 1225 777 uendentis
1243 735 1383 790 imago

354 822 634 863 accensosque
653 823 788 864 rogos,
810 809 877 850 cui
897 809 1044 851 stricta
1065 824 1189 865 saepe
1208 824 1351 851 secure

194 962 359 994 Barthius
383 962 463 994 adu.
489 973 522 1004 p.
549 963 625 1000 376,
650 962 801 995 condidit
824 962 878 995 GL
971 966 1035 997 618
1058 963 1170 996 leuius
1195 963 1275 1003 GL2,
1299 963 1385 996 leuis
1408 963 1445 1003 L,
1469 963 1582 996 lentus
1605 963 1642 996 M

237 1017 431 1045 monstrum
455 1014 666 1045 concidendo
689 1014 831 1056 pelagus
853 1015 951 1056 graui
974 1015 1066 1047 malo
1088 1015 1261 1047 liberauit.
1310 1018 1402 1047 recte
1425 1015 1636 1056 Pingraeus;
1672 1014 1732 1046 alii

193 1065 280 1096 duas
310 1065 447 1097 errandi
481 1066 556 1097 uias
588 1067 796 1097 inuenerunt
903 1068 1055 1100 619-630
1085 1066 1309 1098 Andromeda
1341 1067 1472 1098 oriente
1504 1069 1641 1098 creatur
1672 1069 1732 1098 aut

190 1127 376 1157 poenarum
397 1116 610 1157 publicarum
638 1117 820 1148 minister
849 1121 906 1149 aut
926 1118 1065 1149 carceris
1084 1118 1233 1149 custodia
1253 1121 1311 1149 aut
1333 1118 1483 1159 carnifex
1505 1118 1561 1149 cui
1583 1117 1729 1149 occiden-

193 1168 311 1199 dorum
332 1167 506 1199 hominum
527 1168 634 1209 officia
655 1168 830 1200 credantur
851 1169 955 1200 Firm.
980 1178 1048 1200 vm
1071 1171 1109 1200 17
1135 1171 1163 1201 1.
1211 1169 1341 1201 Teucer
1363 1169 1451 1201 Boll.
1474 1169 1608 1211 sphaer.
1631 1180 1665 1211 p.
1689 1170 1728 1200 51

194 1220 235 1251 32
250 1229 324 1260 sqq.
339 1220 358 1258 ἡ
377 1219 571 1260 Ἀνδρομέδα
588 1221 756 1258 δεσμώτασ
770 1220 968 1261 ibidemque
983 1221 1023 1252 16
1037 1231 1086 1262 sq.
1102 1223 1246 1261 Περσεὺσ
1263 1223 1453 1262 προστάτασ
1469 1223 1531 1252 τῶν
1549 1223 1582 1251 ἐν
1599 1221 1730 1259 δεσμοΐσ

193 1273 229 1302 et
251 1272 291 1302 21
318 1281 368 1312 sq.
395 1273 508 1309 Κῆτοσ
532 1274 683 1310 φύλακασ
708 1274 940 1313 δεσμωτηρίων,
963 1271 1126 1304 C.C.A.G.
1149 1281 1217 1303 VIII
1238 1273 1273 1304 iv
1294 1283 1327 1313 p.
1351 1274 1416 1303 244
1440 1273 1459 1304 6
1481 1274 1520 1304 τὰ
1544 1274 1644 1310 δεσμὰ
1668 1274 1731 1310 τῆσ

196 1322 412 1363 Ἀνδρομέδησ
434 1325 715 1363 παρανατείλαντα
738 1325 907 1361 δεσμώτασ
930 1325 1014 1354 ποιεῖ
1103 1333 1193 1364 quae
1212 1326 1406 1365 sequuntur
1423 1324 1598 1355 Breiterus
1614 1323 1730 1355 Fleck-

196 1373 310 1405 annal.
331 1373 398 1405 uol.
421 1375 483 1405 139
502 1385 534 1415 p.
555 1375 618 1406 863
635 1374 743 1406 ducta
758 1385 831 1406 esse
847 1374 1098 1406 animaduertit
1113 1386 1156 1406 ex
1173 1375 1239 1407 Cic.
1258 1384 1286 1406 11
1301 1375 1395 1406 Verr.
1414 1384 1437 1406 v
1456 1376 1584 1407 118-—20
1598 1378 1732 1415 patres

198 1449 205 1456 .
225 1449 232 1455 .
252 1449 259 1456 .
279 1425 459 1456 iacebant
503 1426 545 1456 in
587 1425 741 1463 limine,
782 1430 985 1466 matresque
1015 1426 1154 1458 miserae
1196 1426 1479 1466 pernoctabant
1523 1426 1566 1458 ad
1609 1426 1732 1458 ostium

193 1476 334 1508 carceris
358 1476 398 1507 ab
424 1480 562 1508 extremo
587 1481 762 1518 conspectu
786 1477 925 1509 liberum
950 1478 1098 1509 exclusae
1113 1488 1125 1514 ‚·
1162 1488 1245 1518 quae
1270 1478 1357 1509 nihil
1381 1477 1477 1509 aliud
1500 1477 1639 1510 orabant
1662 1477 1734 1509 nisi

193 1530 228 1558 ut
246 1527 401 1568 filiorum
432 1538 591 1559 suorum
620 1532 858 1569 postremum
889 1529 1080 1569 spiritum
1111 1540 1173 1561 ore
1205 1529 1382 1569 excipere
1411 1529 1529 1561 liceret.
1620 1528 1734 1561 aderat

194 1578 346 1610 ianitor
377 1580 563 1617 carceris,
595 1580 777 1621 carnifex
803 1581 978 1621 praetoris,
997 1581 1133 1612 ...cui
1177 1591 1215 1612 ex
1261 1581 1355 1612 omni
1397 1580 1520 1621 qemitu
1563 1580 1734 1621 doloreque

194 1633 281 1661 certa
310 1640 450 1662 merces
478 1631 732 1671 conparabatur.
783 1631 791 1644 ⁴
805 1635 841 1663 ut
876 1632 987 1669 adeas,
1024 1635 1153 1663 tantum
1188 1631 1294 1669 dabis,
1330 1635 1367 1662 ut
1404 1631 1515 1663 cibum
1550 1631 1611 1663 tibi
1645 1631 1733 1662 intro

189 1681 279 1722 ferre
306 1681 412 1718 liceat,
441 1682 600 1713 tantum'.
649 1693 743 1714 nemo
771 1683 950 1714 recusabat.
1001 1683 1115 1723 ‘quid,
1146 1686 1182 1714 ut
1211 1693 1279 1714 uno
1309 1683 1377 1715 ictu
1405 1683 1557 1714 securis
1583 1682 1734 1724 adferam

196 1736 331 1764 mortem
341 1732 418 1773 filio
437 1736 503 1770 tuo,
521 1733 602 1773 quid
619 1733 714 1765 dabis
728 1734 743 1764 ,9
774 1745 814 1765 ne
831 1734 892 1766 diu
908 1734 1081 1771 crucietur,
1100 1745 1141 1765 ne
1157 1734 1295 1775 saepius
1306 1733 1462 1775 feriatur,
1480 1745 1521 1765 ne
1541 1745 1617 1766 cum
1633 1744 1734 1765 sensu

195 1783 318 1815 doloris
334 1784 445 1824 aliquo
460 1784 602 1825 spiritus
621 1784 792 1826 auferatur
807 1785 822 1816 ?
838 1786 845 1798 ’
893 1785 993 1817 etiam
1008 1786 1046 1817 ob
1061 1785 1146 1817 hanc
1161 1796 1298 1817 causam
1310 1785 1458 1826 pecunia
1473 1785 1580 1817 lictori
1595 1785 1735 1817 dabatur

197 1859 204 1866 .
223 1859 229 1866 .
247 1859 254 1866 .
272 1846 340 1867 non
354 1835 461 1867 uitam
475 1836 614 1867 liberum
628 1836 684 1867 sed
708 1837 844 1868 mortis
867 1837 1062 1868 celeritatem
1084 1837 1213 1877 pretio
1237 1837 1393 1868 redimere
1407 1837 1602 1877 coyebantur
1612 1847 1735 1877 paren-

197 1890 242 1918 tes
260 1911 267 1918 .
287 1911 294 1918 .
314 1911 321 1918 .
340 1897 458 1918 uerum
480 1890 589 1919 tamen
612 1898 699 1919 mors
721 1888 764 1919 sit
786 1892 975 1920 extremum.
1024 1899 1092 1920 non
1114 1888 1175 1920 erit
1193 1913 1199 1920 .
1220 1913 1227 1920 .
1247 1912 1254 1919 .
1272 1899 1353 1920 nam
1375 1888 1520 1925 illorum,
1543 1898 1618 1920 cum
1639 1892 1736 1920 erunt

195 1938 304 1969 securi
315 1938 467 1978 percussi
481 1949 519 1970 ac
534 1939 651 1976 necati,
667 1950 804 1980 corpora
812 1939 897 1981 feris
911 1940 1103 1972 obicientur.
1151 1939 1209 1971 hoc
1223 1939 1254 1971 si
1267 1939 1454 1971 luctuosum
1468 1943 1513 1971 est
1525 1939 1736 1980 parentibus,

197 1989 388 2020 redimant
409 1989 535 2030 prelio
558 1990 771 2031 sepeliendi
796 1995 1069 2031 protestatem.
1091 2016 1098 2023 .
1119 2016 1126 2023 .
1144 2002 1211 2022 non
1238 1991 1356 2032 palam
1384 1990 1566 2022 uiuorum
1587 1990 1734 2031 funera

198 2040 450 2072 locabantur?
543 2043 607 2074 619
639 2042 677 2073 in
707 2043 873 2082 suryentis
907 2046 1054 2083 tempora
1088 2042 1249 2080 nascitur,
1282 2043 1333 2074 ita
1367 2043 1523 2074 nascitur
1554 2045 1596 2074 ut
1628 2043 1737 2084 ipsius

198 2095 234 2122 et
255 2091 498 2123 Andromedae
520 2096 617 2124 ortus
638 2094 674 2124 in
696 2104 805 2125 unum
827 2097 966 2135 tempus
988 2097 1191 2136 competant
1283 2095 1346 2126 620
1367 2093 1479 2125 ueniet
1499 2096 1592 2125 recte
1614 2094 1737 2135 opinor

199 2143 316 2184 Fayus
341 2143 348 2155 ‘
364 2144 429 2175 erit
445 2144 452 2156 ’
476 2144 738 2185 interpretatur,
762 2148 803 2176 ut
825 2154 864 2176 1v
890 2147 962 2183 141,
987 2146 1063 2182 382,
1087 2147 1163 2182 457,
1187 2148 1226 2177 at
1248 2145 1341 2176 uenit
1365 2146 1428 2176 625
1454 2145 1461 2157 ‘
1477 2145 1586 2176 oritur
1602 2144 1622 2182 ³,
1646 2147 1687 2176 ut
1710 2153 1739 2175 11

199 2195 275 2231 560,
297 2195 372 2231 637,
394 2203 431 2225 1v
451 2196 527 2232 375,
548 2197 625 2233 422,
646 2205 669 2226 v
688 2197 753 2228 410
844 2196 1000 2228 minister
1019 2196 1065 2234 M,
1086 2196 1249 2237 magister
1268 2195 1322 2227 GL
1343 2196 1417 2227 cod.
1440 2196 1617 2227 Venetus:
1650 2195 1738 2227 illud

199 2255 235 2276 se
252 2245 373 2286 legisse
391 2249 542 2278 testatur
560 2247 728 2279 Firmicus
747 2248 792 2279 ad
811 2249 875 2280 619
894 2248 1043 2285 adlatus,
1063 2248 1124 2279 sed
1143 2248 1332 2279 Bechertus
1351 2247 1607 2279 Gemblacensis
1624 2248 1737 2288 gratia

199 2297 339 2328 coniuet
431 2299 493 2330 621
519 2300 633 2330 custos
659 2298 738 2338 GL2,
765 2300 877 2331 tustus
901 2299 965 2331 LM
1055 2298 1196 2340 superbe
1220 2299 1256 2330 M
1281 2299 1355 2330 cod.
1382 2299 1547 2336 Venetus,
1572 2297 1737 2340 superbae

201 2346 266 2385 GL,
298 2348 437 2388 superbo
468 2349 648 2381 Dulcinius
741 2352 804 2383 622
834 2349 951 2382 limine
982 2349 1020 2389 G,
1052 2350 1181 2382 lumine
1212 2349 1275 2382 LM
1366 2352 1430 2383 623
1459 2351 1638 2391 pernoctes
1669 2349 1735 2388 GL,

200 2401 399 2439 pernoctent
429 2399 476 2438 M,
509 2401 604 2441 quod
635 2402 695 2442 qui
726 2401 924 2433 Matritensi
954 2402 1111 2433 seruiunt
1142 2401 1269 2433 collato
1301 2401 1470 2433 Ciceronis
1499 2400 1738 2441 pernoctabant

201 2450 389 2481 defendent
408 2454 443 2482 et
461 2451 662 2492 cupiantque
680 2453 853 2484 conicient
945 2455 1009 2486 624
1027 2454 1171 2495 cupiant
1190 2452 1306 2484 oscula
1327 2456 1363 2484 et
1387 2453 1531 2494 cupiant
1550 2452 1736 2484 transferre

202 2502 366 2538 animam,
400 2502 480 2533 uide
513 2504 577 2535 353
611 2513 661 2544 sq.
755 2505 902 2545 cupiunt
934 2508 1052 2546 patres
1084 2505 1276 2545 fugientem
1309 2504 1461 2535 filiorum
1493 2504 1647 2535 animam
1680 2513 1738 2535 ore

200 2553 358 2593 excipere
376 2556 412 2584 et
430 2554 465 2584 in
484 2554 645 2586 intimam
665 2556 718 2586 sui
736 2559 873 2597 partem
893 2556 1112 2588 abscondere.
1162 2555 1251 2587 Stat.
1273 2555 1347 2587 silu.
1369 2564 1392 2586 v
1413 2556 1427 2586 1
1451 2556 1513 2587 195
1533 2565 1583 2596 sq.
1603 2554 1737 2586 haeren-

200 2606 325 2643 temque
340 2603 492 2636 animam
508 2615 576 2636 non
592 2606 696 2637 tristis
713 2606 750 2637 in
766 2617 824 2638 ora
841 2607 956 2638 mariti
977 2605 981 2650 Ι
1002 2607 1171 2638 transtulit
1263 2609 1327 2640 625
1348 2605 1527 2638 uendentis
1547 2605 1737 2642 Bentleius,

199 2653 372 2686 uindentis
397 2655 471 2693 LM,
498 2656 667 2688 uincentis
694 2656 774 2695 GL2,
801 2658 893 2689 idem
919 2669 1048 2690 errores
1075 2659 1135 2689 651
1229 2657 1399 2699 carnificis
1425 2657 1545 2697 imaqo,
1572 2657 1737 2693 carnifex,

200 2708 241 2736 ut
256 2706 356 2737 Ouid.
374 2706 425 2737 Ib.
442 2708 483 2738 73
498 2707 578 2738 solis
593 2707 712 2748 imaqo,
728 2708 818 2740 Petr.
838 2711 899 2740 124
914 2711 978 2741 257
994 2709 1035 2740 M
1037 2709 1117 2740 ortis
1131 2709 1240 2749 imaqo
1332 2711 1396 2741 626
1410 2708 1465 2740 oui
1479 2709 1516 2739 P.
1532 2708 1738 2740 Thomasius

201 2757 311 2788 Notes
333 2761 368 2789 et
390 2759 479 2798 conj.
504 2768 562 2790 sur
583 2759 675 2790 Man.
700 2761 769 2799 (an.
797 2761 894 2800 1891)
918 2771 950 2801 p.
975 2761 1028 2798 26,
1052 2762 1085 2792 et
1106 2761 1194 2792 libri.
1242 2760 1429 2792 relatiuum
1452 2759 1496 2791 ob
1517 2759 1576 2800 qui
1596 2759 1737 2798 denique

205 2808 268 2839 627
294 2810 524 2841 necessarium
550 2813 612 2847 est,
639 2810 837 2852 frustraque
863 2811 1039 2843 Bentleius
1064 2822 1127 2854 pro
1151 2811 1264 2843 stricta
1281 2835 1288 2842 .
1308 2835 1316 2843 .
1335 2835 1343 2842 .
1360 2821 1471 2843 secure
1495 2810 1734 2842 accusatiuum
