1855 3088
575 112 1059 158 ASTRONOMICON
1089 112 1130 157 V
1566 112 1614 152 11

250 228 488 270 uincentem
508 228 685 282 pedibus
704 232 867 278 uentos,
889 228 954 269 uel
976 227 1111 282 prima
1131 231 1347 268 tenentem

152 309 196 340 80
250 302 417 356 agmina
436 302 480 343 in
500 302 682 343 oblicum
703 316 846 343 cursus
866 302 1026 356 agitare
1045 301 1251 355 malignos

251 376 576 431 obstantemque
595 390 714 416 mora
733 381 875 417 totum
894 375 1161 430 praecludere
1181 375 1350 424 circum,

251 450 319 491 uel
337 450 524 491 medium
543 449 693 491 turbae
713 464 824 490 nunc
845 449 1016 490 dextros
1035 449 1093 490 ire
1113 464 1187 503 per
1206 448 1326 489 orbes

251 524 453 565 fidentem
472 538 634 578 campo,
657 538 768 564 nunc
787 529 903 564 meta
923 537 1085 564 currere
1105 528 1232 563 acuta

252 611 452 652 spemque
472 598 550 639 sub
570 602 759 639 extremo
779 597 953 638 dubiam
973 596 1225 651 suspendere
1245 610 1357 637 casu.

153 679 195 709 85
250 686 326 712 nec
345 687 430 713 non
449 672 611 713 alterno
632 672 818 713 desultor
838 671 970 712 sidere
990 671 1114 711 dorso

255 746 577 800 quadrupedum
596 750 639 787 et
659 745 821 787 stabilis
841 745 998 799 poterit
1018 745 1195 799 defigere
1215 744 1383 798 plantas

254 834 411 875 perque
429 820 592 861 uolabit
612 834 741 874 equos
760 819 879 860 ludet
898 833 971 873 per
990 824 1108 873 terga
1127 818 1351 860 uolantum
1370 832 1378 866 ;

95 979 235 1007 uacante
269 980 365 1017 terqo,
388 975 392 1020 Ι
412 987 470 1008 nec
505 987 620 1008 cernas
654 976 729 1013 cito,
766 985 903 1007 cernuos
939 974 1113 1015 mayistros
1134 973 1138 1017 Ι
1159 977 1300 1005 temones
1336 983 1428 1014 maye
1463 973 1627 1014 sufferant

95 1038 140 1058 an
163 1038 249 1058 axes.
344 1031 384 1061 ’79
404 1027 546 1067 pedibus
568 1037 758 1068 equorum:
797 1027 882 1058 Hor.
906 1026 1005 1067 epod.
1033 1027 1073 1057 16
1098 1027 1134 1057 11
1161 1035 1211 1066 sq.
1236 1025 1395 1056 barbarus
1418 1024 1481 1055 heu
1503 1024 1628 1055 cineres

97 1081 225 1112 insistet
248 1082 353 1112 uictor
376 1085 405 1112 et
427 1082 540 1113 urbem
561 1080 564 1124 Ι
585 1091 679 1121 eques
703 1080 761 1121 (al.
787 1080 875 1121 equi)
899 1083 1036 1111 sonante
1060 1079 1242 1110 verberabit
1265 1079 1402 1119 unquia,
1429 1079 1529 1110 Ouid.
1556 1078 1627 1109 her.

96 1141 133 1163 1v
154 1133 196 1164 79
216 1143 265 1173 sq.
359 1135 400 1166 80
420 1141 464 1163 111
483 1133 548 1164 339
567 1132 743 1173 conficiant
763 1141 880 1162 cursus
899 1131 1031 1171 obliqua
1051 1131 1224 1170 maliqnos.
1273 1130 1333 1161 sed
1354 1130 1422 1160 illic
1441 1130 1533 1160 iusto
1555 1128 1628 1160 bre-

97 1184 208 1214 uiores
233 1194 351 1214 cursus
376 1184 625 1224 significantur,
651 1183 705 1214 hic
730 1183 790 1223 qui
814 1182 1039 1223 sequentibus
1064 1182 1217 1213 officiant
1241 1184 1277 1213 et
1299 1181 1447 1212 liberum
1471 1180 1631 1211 currendi

96 1235 249 1276 spatium
278 1235 460 1275 denegent,
490 1234 584 1275 quod
612 1233 808 1275 insequenti
837 1243 939 1264 uersu
968 1232 1162 1273 explicatur
1253 1235 1292 1265 81
1322 1231 1538 1273 praecludere
1567 1230 1631 1262 LM

97 1285 172 1317 cod.
196 1286 360 1322 Venetus,
382 1285 576 1327 percludere
599 1284 649 1322 G;
686 1284 836 1325 Scaliger
857 1294 900 1315 ne
922 1294 1043 1315 uerum
1066 1286 1267 1324 agnosceret
1289 1283 1405 1314 omnia
1427 1282 1629 1323 temptauit.

99 1336 106 1349 ‘
122 1347 201 1368 cum
223 1337 342 1378 auriga
364 1337 475 1377 prima
496 1336 634 1376 aqmina
655 1339 783 1372 teneret,
806 1335 891 1366 artis
913 1338 988 1366 erat
1009 1344 1127 1365 currus
1148 1334 1187 1364 in
1208 1334 1377 1374 obliquum
1399 1344 1491 1373 aqere
1514 1336 1549 1364 et
1571 1332 1630 1364 ob-

98 1391 251 1419 stantem
270 1388 495 1428 sequentibus
512 1388 564 1419 ita
582 1387 803 1428 praecludere
822 1386 951 1417 circum
970 1389 1010 1417 ut
1029 1396 1147 1417 currus
1166 1384 1222 1416 uel
1240 1385 1310 1416 suis
1329 1384 1516 1416 uelociores
1534 1394 1631 1425 prae-

98 1439 200 1470 terire
219 1450 289 1470 non
306 1442 448 1480 possent
463 1439 470 1451 ’
492 1438 680 1469 Bentleius.
729 1437 788 1469 Sil.
808 1446 873 1468 XVI
897 1438 961 1468 395
985 1447 1036 1477 sq.
1056 1437 1213 1467 nitentem
1234 1446 1424 1476 opponere
1456 1445 1595 1467 curuos
1625 1433 1628 1478 Ι

99 1494 157 1521 aut
174 1500 313 1530 aequare
328 1490 451 1530 qradus
470 1489 620 1530 Cyrnum
634 1492 710 1529 post
727 1492 814 1528 terqa
831 1488 999 1528 relinquit,
1017 1489 1082 1519 405
1100 1497 1150 1528 sq.
1172 1487 1216 1518 ob
1227 1487 1345 1527 Ziquu
1356 1498 1388 1517 m
1411 1486 1541 1518 Durius
1557 1497 1632 1517 con-

98 1542 205 1572 uersis
226 1551 356 1581 pronus
379 1541 516 1572 habenis
545 1539 548 1583 Ι
576 1540 763 1580 opposuit
786 1549 932 1576 currum,
965 1538 1052 1570 Plin.
1086 1539 1156 1569 n.h.
1191 1547 1259 1569 V111
1293 1540 1354 1569 160
1387 1538 1481 1578 (equi
1513 1538 1634 1578 auriga

99 1594 256 1632 excusso)
279 1593 465 1632 primatum
488 1592 660 1632 optinuere
683 1594 938 1631 opponentes,
963 1589 1178 1631 effundentes,
1217 1589 1393 1629 omniaque
1430 1592 1543 1619 contra
1580 1598 1633 1619 ae-

99 1644 205 1675 mulos
231 1653 313 1684 quae
338 1643 524 1674 debuissent
547 1642 752 1683 peritissimo
778 1642 898 1681 auriqa
923 1641 1094 1672 insistente
1113 1640 1276 1681 facientes
1302 1639 1441 1680 (similia
1467 1639 1566 1671 Philo
1591 1639 1635 1670 de

101 1695 308 1726 animalibus
331 1695 426 1736 apud
448 1694 647 1726 Aucherum
670 1704 703 1734 p.
731 1695 820 1733 154),
844 1693 958 1724 Nonn.
985 1692 1087 1723 Dion.
1113 1700 1247 1722 XXXVII
1270 1692 1379 1723 260-3
1405 1694 1455 1722 καί
1477 1703 1529 1721 τισ
1550 1693 1634 1730 ἔχων

103 1748 316 1787 προκέλευθοσ
348 1748 515 1786 ὀπίστερον
546 1747 682 1784 ἡνιοχῆα
702 1743 706 1787 Ι
729 1746 900 1775 ἀντίτυπον
934 1745 1046 1784 δρόμον
1078 1745 1164 1782 εἶχεν
1193 1743 1357 1781 ὀμοζήλων
1385 1744 1438 1773 ἐπὶ
1475 1740 1630 1784 δίφρων,Ι

103 1800 245 1829 ἄστατοσ
278 1799 354 1828 ἔνθα
390 1799 441 1828 καὶ
475 1798 549 1828 ἔνθα
581 1797 800 1836 περικλείων
831 1797 970 1835 ἐλατῆρα
992 1793 996 1837 Ι
1016 1796 1185 1833 ἀγχιφανῆ
1290 1796 1332 1826 82
1366 1793 1513 1824 medium
1544 1794 1636 1824 inter

101 1850 229 1890 primos
257 1849 328 1888 (79)
356 1851 392 1879 et
419 1851 603 1884 extremos,
632 1850 673 1878 ut
700 1857 742 1877 ex
771 1848 813 1877 84
840 1845 1054 1886 intellegitur
1144 1844 1271 1876 dextros
1295 1847 1401 1884 atque
1424 1844 1634 1875 exteriores:

101 1900 161 1932 Sil.
182 1908 247 1930 XVI
266 1900 330 1931 360
351 1909 400 1940 sq.
423 1909 490 1930 non
510 1908 669 1939 umquam
689 1898 832 1939 effusum
851 1897 1009 1928 sinuabat
1029 1896 1148 1926 deuius
1168 1906 1263 1926 axem
1285 1894 1288 1938 Ι
1308 1895 1365 1926 sed
1384 1895 1478 1926 laeuo
1500 1895 1637 1926 interior

101 1951 278 1992 strinqebat
303 1951 432 1982 tramite
457 1953 576 1981 metam
668 1952 709 1982 83
734 1948 896 1980 fidentem
921 1947 994 1986 LM,
1020 1947 1208 1978 findentem
1233 1946 1261 1977 G
1351 1950 1436 1977 meta
1461 1946 1638 1977 ablatiuus

102 2013 164 2044 pro
186 2002 367 2034 secundum
390 2005 509 2033 metam
531 2000 587 2032 uel
608 2004 649 2031 ut
672 2000 722 2031 ait
744 1999 878 2031 Statius
901 1999 1007 2030 Theb.
1032 2006 1070 2029 VI
1092 2000 1156 2029 440
1173 1998 1282 2038 flezae
1304 1997 1429 2029 circum
1451 1997 1638 2037 conpendia

103 2057 204 2085 metae
223 2053 326 2085 simili
343 2053 478 2084 ratione
496 2052 639 2093 ponitur
658 2054 764 2092 atque
785 2050 884 2082 Ouid.
906 2060 1014 2081 amor.
1034 2058 1063 2080 11
1084 2051 1122 2080 17
1143 2050 1181 2080 31
1204 2059 1253 2089 sq.
1275 2059 1377 2089 neque
1395 2049 1523 2080 diuersi
1546 2048 1637 2088 ripa

102 2105 259 2137 labuntur
287 2104 399 2136 eadem
421 2102 424 2147 Ι
438 2103 589 2144 friqidus
617 2103 762 2134 Eurotas
788 2101 1021 2142 populiferque
1049 2100 1175 2131 Padus.
1225 2100 1354 2131 maiore
1382 2110 1461 2131 cum
1491 2099 1638 2130 audacia

104 2156 271 2197 Vergilius
288 2156 372 2187 Aen.
392 2164 460 2186 vm
477 2156 540 2186 610
556 2154 663 2194 qelido
679 2157 837 2185 secretum
847 2152 992 2193 flumine
1009 2162 1071 2193 pro
1088 2151 1131 2182 ad
1141 2152 1272 2192 flumen
1363 2154 1405 2184 84
1421 2151 1481 2182 sub
1499 2155 1638 2182 extremo

103 2218 193 2244 casu,
220 2207 310 2239 circa
333 2207 448 2248 ipsum
473 2206 577 2237 finem
602 2208 709 2245 atque
734 2207 899 2235 euentum
925 2203 1123 2234 certaminis
1215 2205 1256 2236 85
1282 2202 1383 2243 Prop.
1410 2211 1448 2232 IV
1474 2203 1493 2233 2
1518 2203 1560 2234 35
1586 2212 1638 2243 sq.

103 2259 239 2299 auriyae
257 2283 263 2290 .
283 2283 290 2290 .
310 2283 317 2289 .
336 2262 365 2289 et
383 2258 455 2289 eius
477 2256 480 2300 Ι
501 2257 611 2288 traicit
629 2256 754 2287 alterno
773 2255 831 2296 qui
849 2255 919 2286 leue
936 2254 1071 2294 pondus
1090 2264 1179 2294 equa.
1228 2264 1317 2294 quae
1336 2253 1372 2284 in
1390 2253 1501 2284 lexica
1520 2256 1640 2284 nostra

104 2310 263 2352 peruenit
288 2309 504 2340 desultorum
529 2308 668 2344 notitia,
694 2307 767 2338 eius
793 2316 872 2347 pars
898 2306 1013 2346 potior
1039 2304 1201 2345 Scaligeri
1227 2305 1272 2335 ad
1297 2305 1388 2336 hunc
1414 2314 1554 2336 uersum
1580 2304 1639 2335 ad-

104 2361 278 2393 notationi
304 2361 461 2397 debetur,
488 2370 531 2390 ex
558 2370 628 2400 qua
654 2357 811 2389 exscribo
838 2367 927 2397 quae
954 2356 1117 2387 Manilius
1143 2356 1304 2386 imitatus
1331 2355 1470 2386 uidetur
1497 2355 1641 2386 Homeri

105 2413 211 2444 uerba
224 2412 265 2444 Il.
279 2421 329 2443 XV
343 2413 406 2443 683
420 2421 470 2452 sq.
487 2412 502 2442 ὁ
520 2411 546 2441 δ’
566 2412 700 2448 ἔμπεδον
718 2410 869 2448 ἀσφαλὲσ
883 2410 942 2439 αἰεὶ
960 2406 963 2450 Ι
983 2409 1130 2447 θρώσκων
1148 2407 1257 2438 ἄλλοτ’
1273 2406 1323 2438 ἐπ’
1341 2409 1440 2437 ἄλλον
1458 2408 1638 2447 ἀμείβεται,

107 2466 134 2495 οἱ
155 2466 189 2495 δὲ
208 2465 358 2495 πέτονται
449 2465 490 2495 87
515 2470 606 2503 perq.
628 2460 759 2492 uolabit
777 2468 882 2500 equos
903 2459 1093 2495 Bentleius,
1113 2467 1172 2499 per
1195 2467 1261 2499 quo
1282 2457 1386 2489 labite
1408 2466 1493 2498 quos
1514 2458 1561 2496 M,
1583 2466 1642 2498 per

106 2525 190 2556 quos
206 2514 290 2547 labit
307 2523 411 2555 equos
429 2513 495 2551 GL,
512 2512 598 2544 labit
614 2512 722 2543 etiam
740 2511 814 2542 cod.
835 2511 999 2547 Venetus,
1018 2520 1080 2550 pro
1098 2520 1168 2550 quo
1185 2508 1281 2540 uadit
1298 2509 1349 2540 L2.
1397 2509 1445 2540 sic
1464 2508 1642 2540 Bentleius

107 2567 292 2607 antiquam
320 2565 504 2596 lectionem
534 2563 700 2599 restituit,
728 2572 799 2593 non
829 2571 973 2592 manum
1003 2564 1139 2601 poetae,
1169 2571 1189 2591 a
1220 2570 1290 2601 quo
1323 2570 1392 2591 non
1427 2560 1524 2591 uenit
1557 2560 1642 2591 haec

106 2618 178 2649 siue
202 2617 298 2648 uerbi
321 2615 505 2656 compositi
525 2614 644 2645 tmesis
662 2613 734 2645 siue
759 2612 1025 2654 praepositionis
1050 2611 1311 2652 monosyllabae
1334 2622 1354 2642 a
1378 2621 1459 2642 casu
1489 2621 1551 2642 suo
1575 2610 1643 2641 dis-

106 2669 255 2704 tractio;
291 2677 373 2698 nam
394 2666 496 2707 plane
518 2666 655 2696 diuersa
676 2667 759 2696 sunt
779 2667 815 2695 et
837 2672 865 2694 ΙΙ
886 2665 946 2694 541
971 2673 1047 2694 cum
1074 2663 1210 2703 Virqine
1231 2662 1322 2694 natis
1343 2666 1378 2693 et
1399 2671 1437 2693 IV
1459 2663 1523 2694 605
1544 2671 1642 2692 canes

107 2720 161 2757 ad,
175 2718 298 2760 Scylla,
312 2721 394 2754 tuos,
409 2720 449 2748 ut
461 2726 474 2748 Ι
488 2718 562 2753 913,
576 2715 671 2757 quod
684 2715 843 2746 adlatum
855 2715 897 2745 iri
909 2715 994 2746 satis
1006 2715 1076 2745 scio
1089 2714 1186 2754 (noui
1198 2714 1290 2745 enim
1303 2724 1410 2754 genus
1422 2713 1642 2751 humanum),

108 2771 281 2803 omittam.
330 2769 474 2805 accedit,
495 2768 589 2809 quod
611 2766 789 2798 Bentleius
808 2766 896 2798 ludet
915 2766 951 2797 in
971 2765 1088 2797 ludens
1108 2768 1246 2796 mutato
1266 2764 1426 2801 remouit,
1448 2763 1643 2805 asyndeton

109 2822 228 2854 Ellisio
251 2823 389 2862 gratum
413 2823 448 2851 et
470 2819 619 2861 repetito
642 2817 785 2850 uolandi
808 2817 914 2849 uerbo
937 2817 1146 2859 promissum
1168 2826 1230 2847 nec
1254 2816 1461 2857 praestitum
1486 2825 1643 2851 acumen,
