1855 3088
184 96 210 134 4
775 94 836 136 M.
869 94 1120 137 MANILII

242 214 286 245 25
340 207 574 262 Delphinus
594 212 759 249 certans
780 212 823 249 et
842 208 1036 263 Iuppiter
1055 208 1155 250 alite
1174 212 1326 259 tectus,

342 287 562 337 ceteraque
581 282 626 323 in
644 287 738 324 toto
758 282 915 337 passim
934 282 1121 324 labentia
1141 283 1268 325 03610.

341 371 449 411 quae
468 357 571 397 mihi
590 371 664 411 per
683 357 874 411 proprias
892 357 1002 398 uires
1022 361 1122 398 sunt
1141 362 1295 399 cuncta
1314 358 1516 408 canenda,

341 431 443 485 quid
462 431 634 473 ualeant
654 436 764 482 01111,
786 431 888 486 quid
908 446 1005 473 cum
1023 436 1272 487 merguntur
1289 431 1334 474 in
1351 433 1501 482 undas,

340 510 383 546 et
403 510 535 560 quota
555 506 606 547 de
626 506 690 547 bis
710 520 784 547 sex
803 506 926 548 astris
946 520 1043 561 pars
1063 521 1256 562 quaeque
1274 507 1462 549 reducat.

239 587 284 619 30
340 579 411 633 [ab
431 580 562 621 stellis
581 580 771 635 proprias
790 580 899 622 uires
919 585 962 622 et
981 585 1174 636 tempora
1193 595 1333 623 rerum

177 689 290 721 Palici
318 688 322 733 Ι
349 700 489 730 quaque
512 690 585 721 suis
605 690 743 731 Cyanen
762 691 873 722 miscet
891 691 1038 731 Anapus
1057 691 1164 732 aquis,
1185 691 1274 723 Stat.
1295 691 1370 722 silu.
1391 700 1405 722 1
1423 692 1443 723 3
1462 692 1549 723 44-6
1568 691 1711 732 (dicam)

176 741 293 773 balnea
317 746 344 772 et
362 766 368 773 .
389 766 395 772 .
416 766 422 773 .
442 742 551 781 iqnem
580 740 584 784 Ι
611 752 753 782 quaque
769 767 776 773 .
796 767 803 774 .
824 767 830 774 .
850 743 962 774 amnis
983 741 987 786 Ι
1007 742 1090 774 ridet
1107 767 1114 774 .
1134 767 1141 774 .
1161 767 1168 774 .
1187 742 1353 783 nymphas
1381 742 1455 783 (ubi
1482 743 1541 783 qui
1566 745 1602 774 et
1629 752 1713 783 quas

176 793 362 830 coniciunt,
391 793 582 825 Vollmerus
613 797 732 825 autem
764 794 876 825 3116113
902 794 1061 834 confert),
1089 803 1117 825 11
1145 795 1164 825 6
1192 796 1232 826 67
1259 804 1309 835 sq.
1340 794 1498 835 Cretaque
1524 794 1713 835 Cyreneque

175 849 204 876 et
227 855 303 886 qua
326 845 386 876 tibi
403 855 540 886 cumque
558 845 647 877 beato
669 843 673 888 Ι
694 846 786 886 larqa
803 845 886 877 redit
907 846 1058 877 Fortuna
1075 846 1166 883 sinu,
1186 846 1265 877 Tac.
1287 846 1366 877 hist.
1387 855 1430 877 III
1447 847 1489 877 42
1508 849 1712 886 occupantur

173 896 280 936 plana
302 897 454 929 Vmbriae
471 901 498 928 ct
522 907 597 937 qua
620 897 767 928 Picenus
784 907 859 937 aqer
876 897 1010 928 Hadria
1026 897 1176 934 alluitur,
1195 908 1274 929 ann.
1293 906 1337 928 111
1355 899 1369 929 1
1391 898 1410 929 3
1427 897 1631 937 complentur
1648 921 1655 929 .
1675 921 1682 929 .
1703 922 1711 929 .

176 948 307 979 moenia
324 959 361 979 ac
378 952 458 979 tecta
481 959 621 989 quaque
645 948 836 988 Zonqz'ssime
849 948 1055 989 prospectari
1068 952 1194 989 poterat
1208 961 1216 986 3
1246 949 1335 980 adde
1351 959 1441 989 quae
1456 948 1501 980 ad
1517 948 1598 980 Luc.
1617 957 1631 980 1
1645 949 1711 981 405

175 1003 210 1032 et
230 1008 268 1030 VI
288 1000 352 1031 355
373 1000 502 1040 collegi.
550 1001 671 1040 quique
686 1000 813 1040 Fayus,
835 1010 924 1041 quae
945 1001 1142 1032 coniectura
1162 1000 1207 1031 ab
1227 1000 1384 1041 Hauptio
1405 1010 1521 1041 opusc.
1543 1009 1572 1031 Π
1591 1011 1623 1041 p.
1646 1001 1712 1032 344

174 1051 301 1082 iterata
322 1051 425 1092 uulgo
447 1052 620 1092 recipitur.
669 1055 822 1082 ceterum
843 1051 985 1083 uolandi
1006 1051 1151 1083 uerbum
1172 1052 1279 1083 etiam
1300 1052 1345 1083 ad
1368 1051 1559 1092 Delphinus
1580 1051 1712 1092 (uolare

173 1103 266 1134 enim
289 1103 465 1134 imitantia
487 1103 585 1134 illum
609 1103 765 1134 membra
787 1105 896 1134 442—5
921 1106 1027 1144 atque
1051 1103 1137 1134 adeo
1160 1112 1174 1134 1
1197 1104 1262 1135 319
1286 1103 1420 1135 Corona
1443 1103 1582 1143 dicitur)
1607 1106 1642 1135 et
1666 1103 1711 1135 ad

176 1154 332 1194 Iuppiter
352 1155 521 1195 pertinere
541 1157 627 1195 puto
643 1167 650 1191 3
684 1165 766 1185 nam
786 1155 870 1186 haec
890 1158 1059 1195 quattuor
1077 1155 1200 1191 sidera,
1222 1154 1342 1196 Equus
1362 1154 1498 1196 Sagitta
1517 1155 1710 1196 Delphinus

174 1205 320 1246 Cycnus,
346 1207 381 1237 in
405 1206 526 1237 eadem
550 1206 635 1237 caeli
661 1209 760 1247 parte
788 1206 957 1237 collocata
983 1209 1066 1238 sunt
1156 1206 1313 1243 stellatus,
1343 1208 1574 1247 ἠστερωμένοσ,
1602 1206 1710 1238 stellis

173 1261 327 1294 ornatus,
360 1258 425 1288 nisi
454 1258 566 1294 fallor,
598 1268 747 1298 quarum
778 1258 931 1299 quinque
963 1258 1071 1289 claras
1102 1258 1280 1299 praedicat
1310 1257 1439 1289 Aratus
1469 1259 1610 1290 206-13.
1659 1258 1711 1289 ita

172 1309 279 1340 etiam
310 1318 323 1339 1
355 1310 429 1346 679,
457 1312 579 1340 contra
610 1318 631 1339 v
660 1310 718 1340 131
754 1310 1057 1350 κατηστερισμένοσ,
1084 1310 1174 1340 inter
1204 1309 1316 1340 sidera
1345 1309 1497 1347 relatus3
1537 1309 1580 1340 de
1605 1318 1619 1340 Ι
1645 1309 1706 1341 341

172 1361 343 1392 incertum
435 1363 475 1394 25
504 1365 631 1392 certans
660 1361 858 1392 celeritate:
901 1364 994 1392 recte
1023 1361 1220 1402 Pingraeus,
1251 1370 1358 1401 quam
1385 1361 1709 1402 interpretationem

173 1412 448 1453 Wageningenus
469 1422 548 1443 cum
568 1412 655 1452 Fayi
675 1422 786 1443 errore
806 1413 842 1443 in
862 1422 970 1443 unum
991 1412 1158 1443 confudit.
1208 1412 1294 1443 Plin.
1316 1412 1386 1443 n.h.
1408 1421 1449 1443 IX
1468 1413 1511 1444 20
1531 1411 1710 1453 delphinus

171 1463 259 1494 ocior
277 1464 419 1500 uoluere,
441 1464 547 1494 acrior
566 1463 636 1500 telo,
657 1463 730 1494 Ael.
751 1474 818 1495 n.a.
841 1472 895 1494 XII
917 1464 956 1494 12
976 1464 1012 1494 τὸ
1029 1466 1120 1501 σῶμα
1139 1464 1184 1495 ὼσ
1202 1465 1304 1503 βέλοσ
1327 1465 1461 1503 ἀφιᾶσιν
1553 1464 1711 1504 Iuppiter

171 1514 249 1545 alite
276 1518 385 1551 tectus,
414 1514 549 1555 Cycnus
576 1514 731 1545 Ledaeus
758 1515 835 1545 Ioui
865 1514 1020 1551 indutus,
1049 1515 1128 1546 uide
1154 1523 1168 1545 I
1194 1516 1336 1552 337—41,
1363 1524 1386 1546 V
1413 1516 1474 1546 381
1508 1515 1581 1555 ipse
1610 1514 1709 1546 deum

172 1565 304 1606 Cycnus
329 1565 448 1602 condit,
476 1565 588 1597 Germ.
616 1566 739 1606 phaen.
767 1567 831 1597 277
850 1565 946 1606 furta
973 1566 1070 1597 Iouis
1088 1565 1182 1606 falsa
1206 1566 1338 1597 uolucer
1362 1566 1422 1597 sub
1447 1566 1594 1606 imayine
1618 1566 1707 1604 texit,

170 1618 230 1657 qui
254 1618 390 1658 proprie
414 1617 493 1648 Ales
517 1620 663 1648 uocatur
688 1616 753 1648 Cic.
780 1617 876 1648 Arat.
903 1618 945 1648 46
969 1620 1005 1648 et
1028 1617 1184 1658 pluribus
1207 1617 1290 1648 locis
1313 1617 1349 1648 in
1372 1617 1460 1649 thes.
1484 1617 1565 1659 ling.
1591 1617 1669 1649 Lat.
1695 1626 1709 1648 Ι

170 1679 202 1709 p.
230 1669 313 1699 1528
335 1669 440 1700 26-31
465 1668 582 1699 relatis
604 1669 726 1708 (etiam
747 1668 847 1705 Auis,
870 1678 1085 1709 quamquam
1107 1669 1143 1699 in
1164 1669 1251 1700 thes.
1275 1677 1303 1699 11
1324 1679 1357 1710 p.
1383 1670 1464 1700 1441
1489 1670 1528 1700 51
1553 1671 1707 1700 erratum

169 1723 222 1751 est
249 1720 292 1751 de
320 1720 419 1751 Ouid.
448 1719 528 1750 fast.
557 1729 585 1750 II
612 1721 687 1756 266,
715 1719 776 1750 ubi
802 1720 879 1751 auis
906 1719 1158 1760 appellatiuum
1184 1723 1237 1751 631
1264 1719 1483 1761 Coruumque
1510 1719 1707 1761 significat),

164 1771 279 1811 Ὄρνισ
303 1771 432 1811 ubique
460 1771 554 1812 apud
580 1770 739 1807 Aratum,
764 1770 861 1802 uelut
889 1771 948 1802 691
977 1770 1089 1811 Ὅρνισ
1119 1771 1148 1801 τ’
1177 1773 1298 1809 Αἰητόσ
1328 1784 1373 1802 τε.
1421 1771 1486 1802 1100
1514 1781 1593 1802 011111
1615 1774 1708 1803 16016

169 1823 316 1863 cepisset
344 1822 541 1863 Pingraeus,
571 1822 810 1853 Bonincontrii
836 1832 985 1853 errorem
1012 1822 1175 1863 Aquilam
1202 1822 1432 1863 intellegentis
1459 1823 1557 1863 sequi
1583 1822 1708 1854 maluit

171 1874 301 1905 Bollius
320 1874 453 1915 sphaer.
475 1885 507 1914 p.
532 1875 592 1904 115
612 1874 711 1914 eique
730 1874 941 1914 emancipati
959 1873 1091 1904 Manilii
1109 1874 1257 1905 editores
1278 1874 1451 1905 Breiterus
1470 1877 1505 1906 et
1524 1874 1706 1915 Wagenin-

169 1936 276 1966 genus
368 1928 410 1957 28
433 1929 632 1965 merqzmztur.
682 1925 895 1966 significatur
926 1927 1177 1956 ἀντικατάδυσισ
1208 1924 1247 1966 τῇ
1279 1927 1506 1966 ὡροσκοπούσῃ
1532 1927 1625 1967 μοίρᾳ
1651 1928 1707 1957 τοῦ

171 1979 323 2016 ζῳδιακοῦ
346 1976 498 2007 siderum
521 1976 653 2007 occasui
675 1977 844 2016 qeniturae
874 1976 992 2016 (Firm.
1022 1986 1089 2008 VIII
1115 1978 1134 2008 6
1163 1978 1203 2008 lO
1231 1980 1266 2008 et
1289 1977 1432 2018 passim)
1457 1987 1477 2008 a
1502 1977 1627 2008 dextra
1651 1977 1708 2009 uel

167 2027 269 2059 laeua
293 2027 553 2064 collocatorum,
578 2038 668 2068 quae
692 2038 745 2059 res
768 2027 945 2059 interdum
968 2028 1083 2059 minus
1107 2028 1246 2069 proprio
1270 2028 1441 2059 uocabulo
1465 2030 1707 2068 συγκατάδυσισ

169 2079 377 2120 appellatur,
408 2082 448 2110 ut
481 2079 670 2120 Hipparch.
701 2088 729 2110 Π
758 2081 772 2110 l
812 2081 826 2110 1
922 2081 964 2112 29
997 2082 1105 2120 quoto
1134 2090 1214 2110 cum
1246 2079 1356 2120 gradu
1384 2079 1515 2111 zodiaci
1542 2080 1706 2121 quodque

169 2131 305 2171 signum
337 2131 490 2167 oriatur3
536 2141 623 2171 quos
653 2140 815 2161 numeros
841 2130 1018 2161 interdum
1048 2140 1175 2171 ponere
1206 2130 1335 2161 oblitus
1362 2134 1425 2168 est,
1454 2131 1551 2162 uelut
1581 2134 1706 2171 quater

168 2182 203 2212 in
232 2181 447 2222 Capricorno.
508 2182 613 2223 Hipp.
637 2190 665 2212 11
688 2183 709 2212 4
732 2183 746 2213 1
775 2183 845 2222 περὶ
869 2183 1004 2213 ἑκάστου
1023 2184 1086 2213 τῶν
1107 2183 1261 2213 ἀπλανῶν
1283 2183 1406 2222 ἄστρων
1431 2207 1438 2214 .
1467 2206 1474 2214 .
1503 2206 1510 2214 .
1538 2183 1598 2213 τίνι
1622 2207 1629 2214 .
1657 2207 1664 2214 .
1693 2207 1700 2214 .

170 2235 232 2263 τῶν
283 2234 403 2264 δώδεκα
453 2235 569 2272 ζῳδίων
620 2235 850 2264 συνανατέλλει
867 2257 874 2264 .
896 2257 903 2264 .
925 2257 931 2264 .
953 2235 1005 2264 καὶ
1051 2234 1115 2264 ἀπὸ
1164 2235 1291 2272 πόστηο·
1335 2236 1450 2274 μοίραο-
1493 2235 1551 2265 τοῦ
1595 2235 1706 2273 §aelon

170 2285 344 2324 ἀρξάμενον
361 2308 368 2315 .
391 2308 397 2314 .
419 2309 425 2315 .
447 2286 617 2315 ἀνατέλλει
708 2285 813 2325 quota
827 2283 868 2315 de
886 2284 1073 2321 Bentleius,
1091 2284 1244 2325 quodade
1260 2284 1296 2323 L,
1315 2284 1404 2325 quod
1417 2284 1479 2316 ade
1495 2284 1541 2323 M,
1559 2284 1649 2325 quod
1665 2284 1706 2317 de

169 2333 250 2373 GL2‚
265 2336 369 2375 quota
381 2344 399 2366 e
413 2335 486 2366 cod.
502 2336 655 2366 Venetus
745 2344 823 2376 pars
837 2335 1017 2367 Turnebus
1033 2335 1112 2367 adu.
1130 2344 1227 2367 XXIII
1243 2346 1270 2367 c.
1290 2336 1332 2367 27
1350 2335 1445 2376 (quid
1460 2335 1498 2367 de
1513 2336 1564 2368 bis
1579 2347 1636 2368 sex
1648 2360 1656 2368 .
1673 2361 1678 2367 .
1696 2360 1702 2368 .

166 2397 248 2426 pars
272 2387 441 2426 quaeque),
468 2395 529 2427 par
553 2386 631 2417 libri
722 2395 875 2427 quaeque
900 2386 1016 2428 Fayus
1042 2388 1096 2427 (ut
1121 2387 1188 2418 alio
1214 2397 1295 2418 casu
1320 2397 1463 2418 numero
1487 2397 1610 2428 genere
1634 2388 1705 2419 iam

169 2437 374 2477 Turnebus),
399 2446 566 2478 quemque
589 2436 680 2469 GLM
702 2438 776 2469 cod.
795 2438 959 2475 Venetus,
983 2438 1139 2479 quodque
1163 2438 1236 2470 cod.
1263 2438 1378 2469 Pion:
1414 2438 1457 2470 de
1477 2438 1603 2480 plurali
1624 2439 1704 2470 uide

168 2497 196 2520 11
228 2490 302 2525 745,
331 2497 374 2519 III
404 2489 478 2519 564.
528 2489 758 2520 masculinum
788 2499 858 2520 non
885 2492 1029 2521 tuentur
1056 2498 1084 2520 11
1111 2490 1219 2520 664-7
1245 2489 1457 2530 simplicibus
1485 2489 1615 2530 signis
1640 2493 1704 2521 stat

161 2539 276 2580 forma
307 2539 468 2579 quadrata
484 2549 495 2575 ,·
517 2538 521 2582 Ι
541 2551 621 2570 nam
653 2550 755 2580 neque
789 2540 941 2571 Taurus
972 2539 1065 2572 habet
1098 2540 1271 2572 comitem
1296 2564 1302 2571 .
1331 2564 1338 2572 .
1367 2565 1373 2572 .
1402 2551 1459 2572 nec
1483 2541 1598 2572 metuit
1623 2565 1630 2572 .
1658 2565 1666 2572 .
1694 2565 1702 2572 .

168 2601 391 2631 quemquam
413 2588 416 2632 Ι
437 2590 626 2631 Scorpius
717 2593 759 2624 30
790 2593 830 2623 31
867 2602 986 2622 uersus
1022 2602 1085 2623 nec
1120 2592 1275 2623 oratione
1315 2602 1378 2623 1160
1416 2592 1589 2623 sententia
1622 2592 1703 2624 huic

167 2641 242 2672 1000
267 2641 548 2672 accommodatos
573 2641 721 2682 Scaliger
745 2642 797 2672 ed.
827 2643 840 2673 1
864 2653 934 2673 11113
955 2653 1040 2674 11006
1061 2645 1193 2674 nouata
1215 2643 1366 2684 (scripsit
1384 2643 1477 2674 enim
1495 2642 1565 2674 has
1586 2643 1702 2682 stellis)

167 2695 248 2734 post
274 2693 338 2723 709
363 2693 556 2729 traiecerat,
584 2696 624 2723 ut
649 2693 751 2723 huius
777 2693 886 2733 partis
912 2695 1072 2725 carminis
1098 2694 1251 2735 epilogus
1277 2697 1376 2725 esset.
1424 2695 1455 2725 ei
1480 2704 1561 2725 uero
1587 2704 1630 2725 ne
1656 2695 1704 2725 sic

170 2744 310 2784 quidem
334 2747 426 2775 recte
450 2743 592 2780 habent,
618 2754 707 2784 quae
731 2745 823 2775 enim
848 2745 978 2776 32—709
1003 2748 1250 2777 enumerantur
1273 2745 1385 2776 sidera
1407 2746 1527 2786 paucis
1550 2746 1704 2786 exceptis

168 2796 266 2837 signa
289 2798 382 2833 sunt,
407 2806 478 2827 non
501 2795 632 2833 stellae,
657 2796 818 2836 quamuis
841 2796 892 2827 ita
916 2797 1134 2838 appellentur
1157 2807 1178 2828 a
1202 2796 1350 2829 Firmico
1373 2804 1442 2829 VIH
1465 2798 1485 2828 5
1509 2797 1553 2834 3;
1590 2806 1703 2838 neque
