1855 3088
596 141 787 183 LIBRO
819 140 843 182 I
873 140 1178 184 ADDENDA
1577 145 1656 184 133

120 262 261 294 superas
280 262 370 284 nunc
390 255 547 292 temperat
566 261 657 284 arces
678 249 682 294 Ι
700 251 890 292 proqeniem
910 251 1035 284 claram
1055 252 1150 284 terris
1171 252 1442 293 (Domitianum)
1461 252 1608 294 partitus
1628 255 1658 285 et

123 303 223 337 astris
239 303 375 344 (diuum
390 303 536 342 Titum).

166 356 231 389 802
252 354 289 386 in
305 353 486 386 Dracontii
501 363 602 385 uersu
618 363 652 385 se
668 352 723 385 dat
740 353 910 385 Duhnius.

168 407 232 439 803
254 405 350 446 Fayo
373 404 578 436 aduersatur
599 404 706 436 etiam
727 404 826 445 Verg.
847 404 931 436 Aen.
956 413 1011 436 ΧΠ
1032 406 1104 442 139,
1124 405 1184 437 ubi
1202 405 1285 437 diua
1305 405 1404 442 Iuno,
1428 405 1489 437 dea
1509 405 1658 437 Iuturna

122 459 318 541 0⁵2⁰5-808
334 509 414 548 post
431 508 495 539 812
518 506 761 538 detrudentem
787 505 998 547 scaligerum
1024 517 1066 538 ne
1093 517 1252 547 sequerer
1277 507 1424 539 retinere
1450 517 1505 539 me
1532 507 1655 539 debuit

120 558 309 595 stellarum,
322 558 386 590 1100
399 560 451 589 est
463 557 693 598 planetarum,
709 558 745 588 in
762 558 825 589 809
839 557 934 588 facta
949 558 1090 595 mentio,
1108 558 1162 589 cui
1177 558 1267 589 male
1282 558 1450 590 subicitur
1462 558 1532 590 alia
1544 557 1654 590 sidera

123 609 166 641 de
191 608 301 641 isdem
327 608 470 640 dictum.
518 608 643 640 horum
669 611 838 649 quattuor
864 607 907 639 de
934 607 1082 649 planetis
1109 619 1273 640 uersuum
1300 620 1402 641 uerus
1429 619 1469 641 ac
1496 609 1655 650 proprius

120 660 216 692 locus
234 662 288 692 est
305 662 386 701 post
404 659 580 700 signorum
599 659 963 691 commemorationem
982 670 1083 691 uersu
1103 661 1167 692 538
1187 660 1385 692 absolutam
1401 672 1408 697 ;
1442 663 1548 701 atque
1567 659 1654 692 adeo

119 711 170 743 ita
187 711 345 752 concepti
361 713 443 742 sunt
459 713 500 742 ut
516 709 561 742 ad
577 711 686 742 532-8
703 712 822 751 aperte
838 710 1004 751 respicere
1021 710 1218 748 uideantur,
1237 721 1316 742 cum
1333 711 1424 742 inter
1440 721 1476 742 se
1493 711 1655 752 opposita

119 762 190 794 sint
208 761 311 793 altius
329 760 382 792 his
400 760 488 793 nihil
506 764 562 798 est,
582 760 659 792 haec
677 764 756 792 sunt
768 760 911 801 fastiqia
929 761 1049 793 mundi
1067 764 1102 793 et
1121 765 1239 793 terram
1258 761 1447 802 caelumque
1466 761 1551 793 inter
1569 761 1654 792 uoli-

120 812 237 850 tantia,
262 822 364 854 porro
387 811 539 844 concordi
562 815 667 843 tractu
690 812 854 843 ueniunt.
872 836 879 843 .
897 836 904 843 .
920 822 982 852 quo
1006 812 1104 843 semel
1129 812 1279 844 incubuit
1303 812 1430 844 caelum
1454 815 1490 844 et
1513 812 1653 844 aduerso

117 863 307 904 puqnantia
321 887 328 895 .
346 887 353 895 .
370 887 377 894 .
394 862 526 895 mundo.
574 873 644 904 quo
665 873 747 894 casu
767 862 837 894 illic
858 863 1049 895 exciderint
1070 863 1137 894 dici
1158 874 1228 895 non
1249 867 1389 905 potest;
1424 863 1571 901 facilius,
1594 873 1654 895 cur

120 917 242 957 postea
264 915 331 946 huc
355 913 462 946 delati
485 914 565 946 sint.
613 917 766 945 ceterum
790 913 948 955 planetas
971 914 1062 946 inter
1085 918 1214 946 terram
1238 915 1441 955 caelumque
1465 914 1656 946 uolitantes

118 965 266 1008 pendere
306 965 480 997 Breiterus
518 968 554 997 et
591 965 867 1006 Wageningenus
904 975 974 997 non
1013 965 1216 1003 didicerant,
1254 976 1403 1007 cumque
1443 966 1655 1007 ignorarent,

119 1019 344 1058 negauerunt.

164 1070 228 1102 808
250 1067 379 1100 Auson.
398 1068 462 1099 325
479 1068 520 1099 53
538 1067 647 1108 (Peip.
666 1077 699 1108 p.
720 1068 796 1107 112)
813 1077 888 1099 cum
901 1067 1015 1108 piqros
1031 1071 1136 1108 aqeret
1151 1068 1254 1100 densa
1269 1068 1328 1100 sub
1345 1071 1435 1100 nocte
1450 1067 1593 1100 uolatus.

165 1121 228 1152 810
251 1117 354 1150 Mart.
372 1127 411 1149 1v
427 1119 469 1149 55
486 1119 506 1149 5
522 1117 669 1149 carmine
684 1121 789 1149 cantet
806 1119 878 1149 sine
894 1118 1062 1159 epitheto.
1106 1119 1253 1150 carmine
1269 1122 1322 1150 est
1341 1120 1395 1150 ‘in
1412 1119 1506 1160 poesi
1522 1129 1600 1150 mea
1612 1117 1632 1149 .'

162 1172 227 1204 812
249 1173 371 1211 postea
402 1169 448 1201 ad
479 1178 507 1201 11
539 1171 602 1201 745
635 1170 777 1206 correxi,
809 1169 972 1210 quidquid
1003 1169 1122 1210 ubique
1151 1171 1284 1202 niteris
1312 1171 1422 1211 uiqeat
1445 1169 1653 1211 quandoque,

117 1221 300 1253 notandum
312 1224 368 1258 est,
382 1220 443 1252 ubi
455 1220 498 1252 de
510 1220 703 1261 quandoque
715 1222 867 1252 ἑκάστοτε
881 1221 963 1258 dixi,
978 1221 1020 1253 de
1033 1221 1255 1253 subiunctiuo
1268 1222 1303 1253 in
1316 1221 1463 1253 relatiua
1479 1221 1653 1253 sententia

115 1273 230 1314 posito
254 1272 300 1304 ad
324 1281 352 1304 Π
377 1273 450 1304 814.
499 1272 608 1303 niteris
632 1275 815 1313 propterea
838 1272 875 1304 in
899 1272 979 1303 nitet
1003 1273 1127 1304 abiisse
1151 1276 1268 1314 potest
1292 1274 1375 1313 quia
1398 1273 1465 1305 illis
1489 1271 1652 1313 quidquid

117 1323 236 1364 ubique
252 1324 373 1355 statim
389 1323 498 1354 subici
515 1322 602 1354 solet
618 1322 763 1354 uerbum
779 1322 929 1360 finitum,
947 1326 988 1354 ut
1005 1323 1104 1364 Verg.
1123 1323 1208 1355 Aen.
1229 1332 1242 1355 1
1259 1325 1319 1356 601
1340 1327 1396 1361 est,
1415 1324 1500 1355 Hor.
1519 1333 1619 1355 serm.
1638 1331 1652 1354 1

118 1375 138 1406 2
157 1376 198 1407 60
215 1384 266 1416 sq.
284 1374 393 1416 officit,
411 1374 512 1416 Prop.
531 1383 574 1405 111
592 1375 634 1405 22
656 1375 696 1405 18
707 1373 789 1415 fuit,
810 1374 891 1406 Luc.
911 1383 940 1405 11
959 1375 1020 1406 162
1039 1374 1131 1412 iacet,
1150 1374 1269 1406 Claud.
1290 1376 1413 1407 xvr20
1432 1375 1543 1412 micat,
1561 1377 1652 1416 rapt.

119 1425 213 1458 Pros.
232 1434 246 1457 1
262 1427 304 1458 59
321 1435 371 1466 sq.
389 1425 505 1466 qiqnit,
524 1425 654 1457 Orient.
674 1435 843 1456 common.
863 1434 891 1457 11
908 1427 972 1458 316
989 1429 1089 1463 nocet,
1108 1426 1205 1458 anth.
1225 1426 1302 1458 Lat.
1323 1426 1415 1458 Ries.
1435 1427 1499 1458 724
1515 1427 1535 1457 4
1553 1425 1628 1457 latet
1644 1436 1652 1462 ;

118 1477 178 1508 sed
204 1477 333 1519 passim
359 1487 417 1508 eas
443 1476 704 1508 terminationes
731 1477 921 1518 permutari
948 1477 1114 1518 exemplis
1142 1477 1244 1509 docui
1271 1477 1316 1509 ad
1343 1485 1366 1508 V
1392 1478 1467 1509 479.
1518 1479 1653 1508 remota

119 1527 339 1570 planetarum
365 1528 691 1559 commemoratione
717 1530 841 1569 aptum
866 1527 907 1559 fit
932 1527 1137 1568 quandoque,
1165 1538 1244 1560 cum
1271 1528 1313 1560 de
1340 1528 1421 1560 solis
1447 1528 1592 1560 cometis
1618 1530 1655 1559 et

123 1579 257 1612 facibus
274 1578 485 1616 uolantibus,
503 1588 593 1620 quae
610 1579 646 1610 in
662 1581 801 1620 tempus
818 1578 946 1616 lucent,
964 1582 1089 1620 agatur
1104 1591 1112 1617 ;
1143 1579 1253 1620 uiqeat
1270 1582 1388 1611 autem
1405 1590 1475 1611 non
1492 1579 1655 1611 effectum

117 1629 178 1662 sed
204 1640 318 1662 acrem
340 1629 509 1671 fulgorem
533 1629 714 1671 significat,
739 1633 780 1661 ut
805 1629 844 1668 Q.
871 1630 937 1662 Cic.
964 1630 1060 1662 anth.
1082 1630 1159 1662 Lat.
1181 1630 1273 1662 Ries.
1295 1631 1358 1662 642
1380 1632 1421 1662 14
1440 1633 1533 1662 tanta
1550 1640 1656 1670 supra

117 1681 266 1721 circaque
285 1681 397 1721 uiqent
417 1680 477 1712 tibi
496 1680 628 1712 lumina
646 1680 766 1712 mundi
785 1682 1014 1722 (quamquam
1033 1682 1165 1713 incerta
1184 1681 1286 1714 lectio
1305 1683 1372 1722 est)
1393 1684 1429 1713 et
1448 1681 1543 1714 Seru.
1565 1681 1651 1713 Aen.

117 1740 161 1764 111
176 1733 240 1764 517
258 1732 426 1772 explorare
442 1731 612 1763 stellarum
628 1732 786 1772 uiyorem,
803 1742 865 1772 quo
876 1731 997 1773 futura
1013 1732 1181 1764 indicatur
1197 1733 1366 1764 serenitas.

161 1785 226 1817 816
251 1783 294 1815 de
307 1793 368 1824 per
383 1783 462 1815 uide
479 1783 525 1815 ad
540 1791 577 1814 IV
593 1783 668 1815 204.

164 1836 228 1867 819
251 1834 353 1875 longo
373 1844 491 1865 sereno
511 1836 547 1865 et
567 1833 725 1865 cessandi
744 1833 850 1865 uerbo
870 1833 1010 1874 depulsa
1029 1835 1138 1875 magis
1158 1844 1265 1875 quam
1284 1834 1440 1875 dispulsa
1460 1843 1653 1866 accommo-

115 1885 240 1917 datum
257 1895 330 1917 esse
346 1885 476 1917 frustra
494 1885 728 1916 monebantur
745 1885 914 1917 nouitatis
932 1888 967 1916 et
985 1885 1111 1917 codicis
1128 1884 1343 1917 Matritensis
1361 1889 1544 1918 amatores.

161 1938 226 1970 824
249 1938 460 1975 ἀναθυμίασιν
485 1938 636 1975 καπνώδη
662 1939 911 1968 commemorat
937 1936 1140 1969 Aristoteles
1164 1940 1304 1969 meteor.
1332 1945 1346 1968 1
1369 1938 1390 1968 4
1415 1938 1462 1979 (p.
1487 1936 1573 1970 341b
1599 1937 1653 1977 10)

115 1990 151 2020 et
167 1987 262 2019 alibi.

164 2041 228 2073 825
251 2041 445 2079 coeptusque
464 2038 621 2071 incendia
633 2037 706 2080 fine
725 2038 920 2076 subsistunt,
941 2038 1018 2071 Sen.
1041 2039 1128 2080 Thy.
1151 2040 1215 2071 744
1235 2038 1392 2071 hactenus
1411 2038 1443 2071 si
1462 2042 1527 2071 stat
1546 2038 1651 2080 nefas,

117 2089 206 2122 Stat.
232 2090 339 2122 Theb.
358 2098 402 2121 111
423 2091 465 2122 96
486 2100 536 2131 sq.
560 2100 627 2121 non
647 2089 803 2121 hactenus
827 2090 896 2121 irae
918 2088 922 2133 Ι
941 2093 1026 2122 stare
1046 2093 1178 2131 queunt.
1226 2091 1348 2122 eadem
1372 2091 1507 2122 ratione
1530 2091 1653 2122 fictum

113 2151 251 2178 nomen,
282 2141 343 2172 sed
373 2141 495 2178 rarius,
527 2141 677 2172 habetur
707 2150 731 2172 v
761 2142 827 2173 578
858 2140 1042 2182 promissa.
1092 2141 1266 2173 Breiterus
1302 2141 1391 2174 lecta
1427 2141 1653 2174 adnotatione

114 2201 191 2224 mea
223 2192 487 2234 ingeniosiorem
520 2203 555 2224 se
586 2192 659 2223 fore
691 2193 833 2233 putauit
865 2193 894 2224 si
925 2203 995 2224 non
1027 2196 1159 2233 coeptus
1194 2203 1315 2224 uerum
1351 2193 1457 2233 coepti
1489 2193 1651 2230 dedisset,

115 2253 222 2284 quam
244 2253 366 2275 uocem
387 2254 450 2285 pro
471 2254 534 2275 sua
556 2244 722 2274 sermonis
743 2243 860 2274 Latini
881 2244 1006 2284 peritia
1027 2243 1118 2275 idem
1140 2254 1262 2275 sonare
1283 2243 1440 2281 credidit,
1466 2244 1473 2257 ‘
1488 2243 1627 2285 Anfang
1642 2243 1651 2257 ‘

116 2294 366 2336 interpretatus
381 2306 389 2332 ;
421 2304 532 2335 neque
551 2294 740 2326 doctiorem
758 2305 794 2326 se
811 2294 972 2335 praebuit
990 2295 1049 2335 qui
1067 2295 1154 2326 thes.
1174 2294 1255 2336 ling.
1276 2294 1352 2326 Lat.
1373 2303 1411 2326 VI
1428 2306 1461 2336 p.
1483 2296 1547 2327 798
1564 2296 1651 2327 56-8

117 2348 293 2387 receptam
323 2346 559 2377 coniecturam
590 2346 640 2377 ita
671 2346 857 2382 enarrauit,
892 2345 899 2358 ‘
914 2348 1033 2377 manet
1063 2346 1156 2377 intra
1186 2345 1270 2377 fines
1301 2346 1487 2387 incipiendi
1502 2345 1523 2384 '‚
1555 2347 1652 2378 cuius

115 2396 376 2438 significationis
397 2396 532 2428 nullum
553 2396 750 2438 exemplum
771 2396 907 2428 saeculo
929 2405 967 2428 VI
987 2397 1165 2437 antiquius
1186 2397 1339 2429 eiusdem
1359 2397 1513 2429 thesauri
1534 2397 1650 2429 condi-

115 2447 251 2480 toribus
266 2451 391 2480 notum
408 2451 484 2480 erat
500 2458 579 2479 cum
596 2456 639 2479 111
654 2458 712 2489 pp.
734 2449 816 2480 1430
833 2457 883 2488 sq.
902 2447 1129 2489 publicarent.

159 2500 224 2532 843
246 2498 350 2530 Mart.
371 2507 412 2530 1x
430 2500 472 2531 35
494 2500 530 2530 ll
553 2500 659 2539 (tuas)
676 2501 788 2539 partes
806 2501 830 2540 β
847 2509 910 2540 pro
928 2502 1024 2537 artes,
1044 2502 1165 2531 contra
1183 2499 1264 2531 Luc.
1285 2508 1329 2531 111
1343 2501 1363 2532 5
1381 2500 1541 2542 (patrios)
1560 2502 1651 2531 ortus

116 2549 191 2582 cod.
212 2549 313 2582 Bern.
334 2551 398 2582 370
414 2560 476 2591 pro
490 2553 616 2590 portus.

162 2602 226 2634 844
248 2603 290 2633 ut
310 2601 366 2634 hic
388 2605 476 2633 artos
491 2626 498 2633 .
516 2625 523 2632 .
541 2625 548 2633 .
564 2601 653 2632 orbes
670 2611 730 2633 sex
746 2601 860 2633 uerbis
878 2600 1098 2639 distinentur,
1116 2602 1166 2634 ita
1183 2610 1197 2633 1
1214 2603 1277 2635 836
1294 2612 1344 2643 sq.
1364 2602 1474 2634 tenuis
1489 2626 1495 2634 .
1513 2626 1521 2634 .
1538 2626 1545 2634 .
1562 2601 1651 2642 iqnis

112 2652 276 2693 quinque,
301 2651 382 2684 Luc.
408 2661 452 2683 111
475 2653 538 2683 625
562 2662 612 2693 sq.
638 2651 786 2683 hostilem
801 2676 808 2683 .
826 2662 1022 2693 ..puppem
1045 2656 1189 2694 septem,
1214 2653 1313 2695 Verg.
1338 2663 1450 2695 georg.
1476 2661 1515 2684 IV
1538 2654 1647 2685 532-4

113 2702 300 2734 miserabile
315 2727 322 2734 .
339 2727 346 2734 .
364 2727 371 2734 .
387 2703 526 2734 exitium
547 2706 583 2734 et
606 2703 706 2735 Ouid.
730 2704 819 2735 trist.
844 2712 867 2734 v
890 2705 910 2734 8
931 2704 973 2735 25
995 2714 1045 2744 sq.
1071 2705 1208 2744 inqens.
1227 2729 1234 2736 .
1252 2729 1258 2735 .
1275 2704 1362 2735 orbis
1384 2714 1521 2741 nouem,
1544 2703 1644 2744 Verg.

115 2753 200 2785 Aen.
214 2762 254 2785 IX
267 2755 393 2786 679-81
409 2754 518 2786 aeriae
533 2778 540 2786 .
558 2778 565 2785 .
583 2778 590 2786 .
605 2764 742 2794 quereus
754 2754 946 2786 duodecim.
993 2755 1053 2787 sed
1065 2755 1278 2787 simillimum
1290 2758 1343 2787 est
1355 2755 1432 2787 Sen.
1448 2755 1523 2787 Oct.
1538 2755 1646 2787 311-3

113 2815 190 2837 cum
228 2805 474 2846 Tyrrhenum
499 2804 503 2848 Ι
522 2809 590 2837 rate
620 2805 723 2846 ferali
754 2805 912 2846 princeps
947 2810 1078 2847 captam
1099 2805 1104 2849 1
1118 2806 1240 2848 fraude
1275 2809 1446 2847 parentem
1478 2805 1571 2837 misit
1607 2805 1650 2837 in

120 2866 279 2897 aequor,
310 2857 365 2888 cui
384 2856 458 2888 loco
478 2856 575 2888 adice
594 2857 671 2888 qu.
693 2865 730 2889 VI
748 2858 813 2889 495
832 2867 882 2898 sq.
915 2857 1072 2889 laeuum
1093 2856 1098 2901 Ι
1117 2857 1259 2889 extendit
1288 2857 1449 2898 pectitque
1480 2867 1589 2889 comas
1621 2859 1649 2888 et
