1855 3088
534 136 724 179 LIBRO
757 135 805 177 II
837 135 1141 178 ADDENDA
1528 139 1608 177 139

79 247 232 280 numinis
243 247 387 288 praefert
401 246 472 287 ipse
487 246 723 278 inluminando
731 246 971 288 formandoque
985 246 1110 278 lunam.
1158 246 1278 278 etenim
1291 257 1330 278 ex
1345 257 1409 277 uno
1417 247 1510 288 sonte
1524 246 1610 278 lucis

76 298 229 340 gemino
244 298 371 330 sidere
387 297 499 338 spatia
515 297 584 329 diei
600 301 628 328 et
644 298 748 329 noetis
764 298 929 329 inlustrat.

124 351 274 384 105-125
297 349 422 381 similia
438 351 520 380 sunt
535 357 573 380 1v
590 350 751 380 886-910.

124 402 186 433 116
209 400 288 432 uide
316 400 360 431 ad
387 408 425 431 IV
454 401 516 431 155
544 399 725 437 adnotata,
754 402 932 441 praeterea
958 399 1047 431 Stat.
1077 399 1183 431 Theb.
1214 408 1268 430 ΧΠ
1295 400 1359 431 266
1387 403 1506 440 tuaque
1536 399 1610 440 ipse

77 453 127 492 (ω,
145 451 222 492 ipsa
238 451 279 490 P)
297 450 340 482 ad
349 450 474 491 funera
489 449 601 481 deduc.

125 504 189 535 122
211 504 318 533 tantos
336 511 442 541 quam
459 511 529 532 non
547 504 670 542 aptum
688 501 733 532 sit
751 501 882 542 optime
900 501 1052 532 ostendit
1070 509 1107 532 IV
1126 502 1188 532 927
1207 511 1257 541 sq.
1276 501 1424 541 paruula
1442 501 1490 532 sic
1508 504 1611 532 totum

78 552 221 594 perui-sit
234 551 368 593 pupula
384 551 521 589 caetum,
544 549 548 594 Ι
567 561 691 592 quoque
707 551 821 583 uident
836 550 924 583 oculi
940 551 1119 582 minimum
1135 555 1191 588 est,
1209 562 1284 583 cum
1300 552 1447 583 maxima
1464 555 1608 583 cernant.

126 606 277 638 123—125
293 603 372 635 uide
388 603 529 635 Achillis
545 603 658 634 locum
675 603 720 634 ad
736 611 773 634 IV
790 604 853 634 910
871 603 1037 634 adlatum.

125 657 187 689 123
210 655 266 686 sui
278 665 340 696 pro
353 654 418 686 sibi
430 654 506 685 libri
522 655 627 685 etiam
641 663 677 685 IV
692 655 721 685 8.
769 654 969 694 genetiuum
983 664 1061 685 cum
1074 657 1231 694 comatus
1244 654 1416 685 adiectiuo
1430 654 1612 685 coniunxit

80 706 212 738 Plinius
230 706 300 737 n.h.
321 714 423 736 xxxv
444 706 505 737 179
524 705 704 746 (napthae)
724 705 843 736 ardens
861 708 982 736 natura
1000 708 1027 736 et
1046 705 1176 744 ignium
1194 708 1339 744 eoquata.

127 759 190 791 124
212 767 297 797 opus
321 759 356 788 et
382 757 443 788 130
468 756 561 796 operi
584 756 808 797 astrologiam
833 759 869 787 et
895 755 1195 797 genethlialogiam
1221 755 1410 797 significare
1437 766 1517 787 cum
1543 767 1613 788 non

79 808 292 849 intellegeret
309 807 483 840 Garrodus
499 807 605 839 etiam
622 807 664 838 de
679 807 807 839 ratione
825 808 883 839 131
903 808 1041 838 errauit.

127 861 190 893 128
212 868 250 891 IV
275 860 339 891 884
362 862 457 899 capto
479 859 627 899 potimur
651 858 783 890 mundo.
832 858 874 890 de
898 858 1061 889 muudum
1085 861 1120 890 et
1145 858 1182 889 in
1205 861 1302 890 semet
1327 858 1406 890 uide
1430 867 1467 889 1v
1493 860 1534 890 69
1560 869 1610 899 sq.

81 913 197 942 mortes
219 908 223 953 Ι
242 920 276 941 se
291 934 297 941 .
315 934 322 941 .
340 933 347 941 .
363 909 457 950 ipsae
472 933 479 941 .
497 933 503 941 .
521 934 528 942 .
539 909 688 951 suffiunt.

129 963 192 995 130
208 960 295 1002 fides
310 985 317 992 .
335 985 342 992 .
360 985 366 992 .
377 960 490 1002 fidem.
538 970 560 992 v
577 962 641 993 476
659 961 748 992 uitae
765 960 903 992 ostendit
920 960 1036 998 uitam,
1056 960 1156 993 Ouid.
1175 961 1265 992 trist.
1284 969 1322 992 1v
1338 962 1358 993 3
1378 962 1417 992 14
1434 960 1534 1001 deque
1545 960 1615 1001 fide

81 1016 167 1045 certa
182 1012 226 1044 sit
242 1012 302 1043 tibi
317 1015 402 1044 certa
411 1011 506 1052 fides.

127 1065 191 1097 134
212 1062 318 1095 faciat
334 1073 418 1094 corr.
438 1073 480 1094 ex
499 1064 545 1094 -et
561 1061 599 1094 G.

129 1117 191 1148 139
215 1114 292 1147 Sen.
309 1114 389 1145 dial.
406 1123 444 1145 VI
458 1115 478 1144 4
492 1116 512 1145 4
527 1114 727 1146 uberrimam
741 1114 770 1145 A
785 1117 820 1146 et
837 1114 917 1145 Luc.
936 1122 1002 1145 vm
1018 1115 1081 1146 648
1096 1114 1195 1145 ubera
1210 1113 1234 1145 Z
1250 1124 1311 1155 pro
1326 1113 1395 1145 lib„

129 1168 191 1199 140
215 1174 253 1197 IV
269 1167 329 1197 551
348 1168 498 1205 yerentur
515 1164 542 1196 G
558 1175 620 1206 pro
636 1168 794 1205 reqentur.

131 1219 193 1251 145
209 1216 291 1258 fluit
304 1227 366 1258 pro
380 1220 499 1248 marcet
513 1220 548 1248 et
562 1216 693 1256 lauquet
706 1217 787 1257 poni
802 1217 929 1257 potuit,
945 1216 1039 1257 quod
1053 1216 1277 1257 sequentibus
1292 1217 1492 1248 conueniret
1507 1229 1515 1252 ;
1543 1216 1614 1253 sed,

84 1271 125 1301 ut
141 1268 224 1306 dixi,
241 1268 367 1308 requiri
384 1267 522 1299 uidetur
538 1268 631 1308 quod
647 1268 696 1298 illi
713 1268 855 1299 minima
871 1268 1083 1299 contrarium
1099 1268 1154 1299 sit.

130 1322 193 1353 159
217 1319 305 1350 adde
321 1328 344 1350 v
360 1320 435 1350 447.

131 1373 194 1404 162
214 1381 275 1411 per
290 1369 399 1401 sidera
415 1382 421 1401 :
447 1370 527 1402 uide
543 1370 589 1401 ad
604 1378 633 1401 11
649 1371 723 1402 922.

130 1424 191 1455 171
215 1422 307 1453 hunc
334 1431 472 1453 uersum
498 1421 629 1462 primus
656 1424 747 1452 recte
775 1421 871 1452 dedit
899 1421 1084 1457 BreiteruS,
1112 1431 1224 1461 neque
1251 1431 1399 1461 usquam
1430 1421 1617 1462 quicquam

84 1472 294 1505 laudabilius
307 1473 411 1514 gessit
426 1484 434 1510 ;
461 1482 566 1512 quam
580 1473 610 1503 ei
623 1472 772 1509 laudem,
786 1472 851 1503 nisi
864 1482 926 1512 ego
939 1475 1043 1503 natus
1056 1482 1176 1509 essem,
1191 1472 1444 1504 subtraxissent
1457 1472 1617 1509 editores,

86 1524 361 1565 Wagem'ngenus
385 1526 505 1564 aperto
530 1533 609 1555 cum
634 1523 823 1560 mendacio,
849 1523 1020 1555 sollertius
1045 1523 1229 1555 Garrodus.
1278 1533 1355 1555 mea
1379 1523 1463 1554 mihi
1488 1524 1618 1565 passim

84 1575 193 1607 isdem
209 1574 343 1606 artibus
360 1574 504 1606 subduci
520 1573 621 1605 facile
636 1574 718 1605 fero.

132 1628 195 1660 176
218 1625 303 1657 ratio
319 1628 360 1657 ut
376 1634 404 1656 11
421 1626 494 1657 654.

133 1679 197 1711 184
219 1677 382 1709 rariorem
403 1676 578 1708 elisionem
599 1677 710 1708 uitare
731 1677 848 1718 potuit
868 1677 1087 1718 transpositis
1109 1676 1233 1714 uerbis,
1255 1676 1335 1717 quia
1356 1677 1454 1708 sentit
1475 1680 1617 1717 uterque,

86 1731 127 1761 ut
143 1737 186 1760 111
202 1729 266 1760 596
282 1728 352 1759 nisi
367 1727 487 1759 deesset
502 1727 677 1768 olympias.

133 1782 196 1813 186
219 1780 298 1811 uide
315 1788 352 1810 IV
369 1780 432 1811 313
449 1779 551 1810 altera
567 1789 651 1810 sors
671 1779 793 1816 Tauro,
813 1779 962 1810 Gemini-s
976 1789 1071 1819 pars
1089 1779 1183 1810 tertia
1199 1779 1291 1810 cedit.

135 1833 198 1864 188
221 1831 300 1862 uide
315 1831 359 1861 ad
373 1839 410 1861 1v
425 1831 488 1862 314
503 1833 538 1861 et
552 1832 616 1862 483
632 1830 812 1867 adnotata,
828 1834 1006 1871 praeterea
1021 1831 1121 1862 Ouid.
1139 1831 1208 1862 her.
1226 1839 1247 1862 v
1265 1832 1323 1862 151
1341 1841 1390 1871 sq.
1406 1831 1544 1871 pauisse
1559 1855 1566 1862 .
1584 1855 1590 1861 .
1609 1855 1616 1862 .

79 1882 211 1924 fertur
240 1885 288 1913 et.
305 1906 312 1912 .
329 1906 335 1912 .
351 1881 486 1913 saueius
501 1905 508 1912 .
526 1906 532 1912 .
551 1881 666 1922 .suit.

134 1936 197 1967 193
220 1933 295 1965 Val.
317 1932 409 1964 Max.
432 1941 484 1963 VII
503 1933 522 1964 3
545 1934 564 1964 6
583 1932 807 1964 emendatum
828 1936 880 1963 est
899 1943 941 1963 ex
962 1933 1126 1973 epitoma,
1147 1932 1251 1964 duos.
1269 1957 1275 1965 .
1294 1957 1301 1964 .
1318 1943 1425 1973 equos,
1446 1933 1618 1964 ualidissi-

87 1995 179 2016 mum
196 1984 347 2021 alterum,
365 1984 548 2026 (alterum)
565 1983 844 2025 infirmissimum.
893 1985 928 2015 in
946 1984 1074 2015 Auson.
1094 1985 1131 2014 41
1157 1985 1170 2015 1
1193 1984 1300 2025 (Peip.
1320 1995 1355 2026 p.
1376 1985 1453 2024 333)
1472 1984 1621 2024 qermaui

83 2036 206 2078 fratres
225 2039 313 2072 suut,
336 2035 496 2072 Clzrestos,
518 2035 712 2076 Aciudyuos
732 2035 812 2066 alter
831 2045 900 2066 non
921 2035 1061 2066 auditur
1081 2034 1161 2066 alter
1181 2035 1226 2066 ad
1247 2035 1419 2072 C'ltre3t03;
1454 2046 1565 2076 neque
1585 2036 1620 2067 in

89 2088 193 2119 Hom.
218 2087 258 2118 Jl.
283 2095 335 2118 vn
356 2087 421 2118 419
443 2096 506 2127 sq.‚
530 2095 621 2117 xxrv
643 2088 706 2118 527
729 2096 792 2126 sq.‚
817 2086 914 2117 Pind.
939 2086 1037 2117 Nem.
1062 2094 1129 2117 vm
1152 2088 1192 2118 37
1216 2088 1286 2126 (62)
1309 2088 1404 2127 prius
1426 2087 1621 2118 membrum

88 2139 275 2180 quiequam
292 2137 474 2174 desiderat,
493 2138 553 2169 sed
568 2147 660 2169 noua
676 2148 728 2169 res
748 2139 781 2168 δέ
797 2137 968 2178 particula
985 2137 1192 2168 adnectitur.

136 2192 199 2223 196
222 2190 328 2222 etiam
348 2189 494 2225 Gemini,
514 2199 662 2230 quorum
682 2188 810 2230 duplex
830 2189 924 2220 sidus
944 2192 1006 2225 est,
1027 2188 1124 2228 siqua
1144 2188 1365 2230 appellantur
1385 2189 1461 2222 Sen.
1484 2189 1556 2221 H.f.
1582 2191 1621 2221 14

88 2241 179 2274 clara
192 2240 317 2281 ,qemini
330 2241 427 2281 siqua
445 2240 658 2281 Tyndaridae
674 2253 681 2277 3
710 2240 769 2271 sed
785 2241 856 2271 sine
871 2241 1092 2271 excusatione
1109 2240 1308 2281 Propertius
1323 2249 1359 2271 1v
1378 2242 1390 2271 1
1411 2242 1451 2272 85
1467 2241 1622 2272 animosa

91 2317 99 2325 .
116 2317 124 2324 .
141 2317 148 2324 .
164 2293 261 2332 siqua
279 2292 410 2329 Leonis,
432 2292 575 2324 Ouidius
594 2292 673 2323 fast.
695 2300 708 2322 1
728 2292 790 2322 652
811 2291 945 2322 iuuenis
964 2315 970 2321 .
991 2315 997 2322 .
1018 2315 1024 2322 .
1043 2291 1140 2331 siqua
1156 2291 1296 2331 yerentis
1312 2302 1444 2332 aquam.

135 2346 197 2377 199
221 2343 368 2375 caudam
386 2343 491 2375 Tauri
510 2346 758 2374 commemorat
776 2343 882 2374 etiam
900 2342 1069 2373 Firmieus
1088 2351 1155 2373 vm
1173 2344 1193 2373 4
1212 2344 1243 2373 2.

135 2397 198 2429 208
221 2398 401 2434 sequuntur
415 2397 456 2426 ut
470 2394 544 2425 Tib.
562 2403 589 2425 11
606 2395 620 2425 1
639 2395 691 2430 87,
708 2394 788 2424 Eur.
806 2394 879 2425 Ion.
899 2394 979 2424 1151
998 2394 1145 2434 ὡμάρτει,
1161 2394 1301 2425 Theocr.
1320 2403 1347 2424 ΙΙ
1364 2395 1425 2425 166
1440 2395 1564 2425 ὀπαδοί.

135 2448 198 2480 211
222 2445 311 2478 Stat.
339 2445 445 2477 Theb.
474 2454 526 2476 vn
557 2446 620 2477 530
648 2444 757 2476 rabidi
785 2445 837 2485 (P,
864 2444 978 2484 rapidi
1005 2446 1064 2485 ω).
1082 2469 1089 2476 ,
1107 2469 1114 2476 .
1131 2444 1247 2482 leones,
1276 2445 1378 2476 Prisc.
1406 2446 1530 2487 perieg.
1559 2446 1623 2478 709

88 2497 199 2529 rabidi
215 2496 343 2538 (rapidi
359 2496 457 2528 codd.
476 2496 579 2535 dett.)
596 2521 602 2527 .
621 2521 626 2527 .
645 2521 651 2527 .
669 2496 781 2527 leonis.

135 2550 199 2582 216
222 2548 323 2589 Prop.
349 2557 377 2579 Π
401 2549 420 2579 8
445 2549 488 2580 39
511 2547 649 2588 inferior
672 2547 773 2578 multo
797 2557 871 2578 cum
894 2547 958 2578 sim.
982 2547 1043 2578 uel
1067 2550 1167 2578 matre
1190 2547 1252 2578 uel
1275 2548 1389 2585 armis,
1416 2547 1515 2579 Ouid.
1541 2548 1622 2579 fast.

91 2609 128 2632 VI
145 2601 175 2637 8,
193 2599 260 2631 Cic.
280 2599 377 2630 Brut.
397 2600 470 2631 310.

136 2653 200 2685 224
223 2650 354 2683 Colum.
380 2659 448 2681 VIII
478 2651 517 2681 16
546 2652 565 2681 8
592 2651 713 2690 optime
740 2660 896 2681 saxosum
922 2660 1010 2681 mare
1036 2650 1185 2681 uominis
1210 2651 1266 2681 sui
1290 2651 1398 2690 pisces
1424 2651 1539 2687 nutrit,
1567 2650 1625 2690 qui

90 2702 212 2734 scilicet
231 2701 317 2742 quod
336 2702 374 2732 in
392 2701 495 2741 petris
515 2701 717 2732 stabulentur
737 2700 893 2732 saxatiles
913 2701 993 2732 dicti
1012 2705 1100 2733 sunt.
1150 2702 1294 2733 Phaedr.
1317 2713 1396 2743 app.
1419 2703 1461 2733 20
1483 2703 1502 2732 2
1524 2712 1625 2732 ursus

92 2763 232 2786 cancros
249 2756 413 2794 capturus
430 2752 638 2792 scopulosum
655 2752 697 2783 ad
714 2752 793 2783 litus
809 2752 920 2784 currit.

138 2807 201 2838 225
225 2804 300 2836 Val.
322 2804 372 2835 Fl.
395 2813 431 2835 1v
452 2805 515 2835 714
535 2814 585 2844 sq.
607 2814 675 2835 uon
693 2803 776 2835 alibi
795 2804 911 2845 effusis
930 2807 1094 2835 cesserunt
1115 2804 1246 2844 lofnqius
1266 2804 1368 2835 mulis
1390 2802 1395 2847 Ι
1416 2803 1522 2840 litora,
1544 2803 1624 2835 Tac.

94 2856 207 2889 Germ.
227 2857 268 2887 30
285 2866 350 2886 nou
369 2855 415 2887 ita
433 2855 550 2896 effusis
565 2865 603 2886 ae
617 2854 823 2895 palustribus
839 2854 929 2887 locis.
