1855 3088
588 90 1070 135 ASTRONOMICON
1100 91 1141 134 V
1602 92 1625 129 7

172 214 214 245 45
266 206 420 247 Phasin
440 210 483 247 et
501 206 545 247 in
564 211 708 248 cautes
728 206 895 261 Tiphyn
914 221 1108 261 superare
1127 208 1391 247 trementem.

267 281 366 322 tolle
385 280 487 321 sitos
507 285 623 322 ortus
643 280 862 322 hominum
881 281 958 321 sub
979 281 1111 322 sidere
1129 279 1219 329 tali,

268 354 482 395 sustuleris
502 355 658 395 bellum
678 355 824 396 Troiae
843 355 1100 409 classemque
1119 354 1302 395 solutam

269 428 468 482 sanguine
488 433 531 469 et
551 429 772 482 adpulsam
791 428 911 470 terris
930 443 938 478 ;
975 443 1060 469 non
1078 427 1250 469 inuehet
1268 426 1392 468 undis

270 502 440 543 Persida
459 516 535 543 nec
553 503 725 557 pelagus
744 502 906 544 Xerxes
925 502 1135 557 facietque
1154 505 1353 556 tegetque
1371 514 1379 550 3

110 696 220 728 taedia
234 697 346 734 uitae3
377 697 466 729 adde
482 697 563 728 Luc.
585 706 624 728 IX
642 699 704 729 872
723 698 957 738 Europamque
974 697 1059 728 alios
1077 698 1198 738 (atque
1215 696 1337 737 Libye)
1355 695 1438 726 soles
1455 694 1638 733 Asiamque

112 748 286 779 uidentem.
334 748 523 780 admodum
540 749 791 780 inconsiderate
809 749 881 790 ipse
900 748 1077 780 Bentleius
1099 748 1184 779 alios
1204 747 1386 788 Minyas,
1408 745 1507 786 quasi
1531 744 1638 784 Argo-

112 802 251 837 nautae,
270 802 310 831 ut
327 799 466 837 Phasin,
484 800 534 831 ita
551 800 687 841 Minyas
704 800 855 832 uiderint
873 803 979 840 atque
996 799 1155 836 adierint,
1174 809 1244 830 non
1261 798 1326 839 ipsi
1342 797 1472 828 fuerint
1489 796 1638 836 Minyae.

112 850 173 882 sed
187 850 275 882 illud
291 861 373 882 sane
391 851 567 882 Bentleius
585 852 702 889 sensit,
720 851 815 892 quod
832 862 902 883 non
919 851 1026 882 sensit
1043 850 1103 891 qui
1120 860 1199 882 eum
1218 849 1262 880 ad
1281 849 1381 890 Prop.
1401 857 1415 879 I
1436 849 1449 879 1
1472 849 1511 878 12
1529 856 1640 887 repre-

113 901 235 933 hendit
256 902 509 940 Lachmannus,
531 903 616 934 haec
638 903 718 940 duo,
742 903 826 934 alios
848 913 974 934 menses
996 905 1032 933 et
1053 902 1160 933 alium
1181 901 1323 937 Phasin,
1347 910 1416 931 non
1439 898 1538 935 coire,
1562 907 1641 928 cum

115 963 248 984 menses
274 953 332 984 alii
358 953 518 985 dicantur
544 964 650 995 quam
677 964 763 995 quos
790 954 845 985 hic
871 954 975 986 homo
1003 953 1097 984 domi
1123 953 1234 989 nouit,
1263 951 1383 983 Phasis
1411 954 1528 981 autem
1556 948 1643 979 alius

116 1014 222 1045 quam
246 1015 349 1045 quem
374 1005 536 1036 uiderunt
559 1006 790 1046 Argonautae.
838 1015 949 1046 neque
973 1004 1185 1045 intellegitur
1209 1014 1270 1035 cur
1293 1002 1399 1034 alium
1424 1001 1643 1040 nescioquem

117 1065 157 1087 ac
180 1066 249 1087 non
273 1056 420 1087 eundem
444 1056 572 1088 Phasin
596 1057 731 1088 uisurus
755 1057 823 1094 sit;
860 1056 888 1088 is
912 1056 1003 1087 enim
1027 1058 1202 1087 extremus
1226 1054 1330 1085 maris
1354 1053 1398 1084 ab
1423 1053 1553 1084 oriente
1577 1054 1643 1081 ter-

117 1107 230 1138 minus
259 1107 463 1144 habebatur,
493 1107 583 1139 sicut
617 1108 661 1139 ab
695 1108 870 1139 occidente
900 1107 1079 1139 columnae
1108 1105 1276 1142 Herculis,
1307 1104 1420 1137 Strab.
1451 1115 1484 1145 p.
1515 1103 1578 1134 497
1609 1103 1645 1132 τὸ

119 1161 338 1199 παροιμιακῶσ
360 1161 478 1198 λεχθὲν
497 1184 503 1190 .
525 1184 531 1191 .
553 1184 559 1190 .
581 1161 630 1190 εἰσ
653 1161 753 1190 Φᾶσιν
779 1161 853 1190 ἔνθα
878 1161 986 1190 ναυσὶν
1011 1161 1155 1198 ἕσχατοο·
1179 1159 1307 1199 δρόμοσ,
1333 1155 1446 1196 Apoll.
1474 1153 1588 1186 Rhod.
1617 1161 1645 1184 II

120 1210 200 1240 1261
234 1211 335 1240 Φᾶσίν
365 1210 394 1240 τ’
423 1211 493 1250 εὐρὺ
522 1211 633 1251 ῥέοντα
661 1213 713 1242 καὶ
740 1213 865 1250 ἔσχατα
892 1212 1031 1250 τέρματα
1060 1211 1188 1247 πόντου,
1218 1207 1307 1239 Plat.
1337 1206 1465 1238 Phaed.
1493 1216 1526 1247 p.
1559 1204 1647 1236 109ss

117 1262 212 1302 μέχρι
226 1260 422 1301 Ἡρακλείων
444 1263 570 1300 στηλῶν
595 1263 658 1293 ἀπὸ
677 1263 841 1299 Φάσιδοσ;
869 1261 957 1292 adde
979 1261 1080 1301 Prop.
1104 1268 1147 1291 ΠΙ
1169 1261 1211 1291 22
1236 1260 1321 1291 7-12
1345 1262 1380 1289 tu
1403 1258 1475 1289 licet
1498 1255 1647 1296 aspicias

118 1312 244 1343 caelum
254 1322 348 1343 omne
359 1312 497 1343 Atlanta
506 1316 665 1352 yereutem
682 1337 689 1343 .
709 1337 716 1344 .
737 1337 743 1343 .
762 1316 859 1353 tuque
882 1315 946 1343 tuo
976 1311 1162 1343 Colchum
1183 1310 1350 1351 propellas
1362 1309 1480 1349 remiye
1491 1307 1623 1338 Phasin
1640 1304 1644 1348 1

119 1363 332 1403 Peliacaeque
361 1363 463 1394 trabis
492 1367 593 1394 totum
623 1364 682 1394 iter
712 1364 784 1404 ipse
812 1364 899 1404 leqas
990 1366 1032 1397 45
1061 1366 1170 1394 cautes
1200 1362 1354 1403 Cyaneas
1444 1360 1648 1391 trementem

120 1414 193 1453 LM,
215 1414 388 1446 triremem
410 1413 437 1446 G
459 1414 601 1455 (scilicet
623 1415 790 1456 scriptum
812 1415 970 1446 uisumue
991 1415 1106 1446 fuerat
1127 1414 1336 1452 trememem),
1358 1412 1549 1443 tumentem
1571 1408 1646 1440 cod.

120 1466 281 1497 Venetus.
329 1466 508 1497 tremuisse
545 1477 615 1497 non
654 1466 765 1498 solum
801 1469 932 1497 ceteros
964 1465 1024 1497 sed
1060 1465 1174 1506 ipsum
1212 1464 1351 1505 Tiphyn
1389 1461 1549 1494 credibile
1583 1463 1647 1496 est,

120 1517 324 1558 scripsitque
346 1516 474 1548 Seneca
501 1517 590 1548 Med.
616 1519 680 1549 346
701 1518 825 1557 palluit
847 1517 960 1548 audax
986 1516 1126 1557 Tiphys,
1150 1516 1311 1548 Sidonius
1336 1524 1441 1546 carm.
1466 1522 1507 1544 XI
1530 1514 1549 1544 5
1570 1511 1649 1543 dum

115 1568 218 1609 suffit,
251 1572 279 1600 et
303 1568 383 1610 fixit
413 1568 564 1610 trepidus
594 1568 820 1610 Sympleyada
850 1569 1004 1610 Tiphys3
1057 1567 1117 1599 sed
1147 1567 1249 1598 huius
1280 1569 1486 1602 structurae,
1518 1568 1650 1594 tremere

120 1618 159 1650 in
181 1622 290 1650 cautes
313 1619 378 1659 (ita
400 1619 492 1650 enim
516 1620 701 1661 accipiunt,
725 1620 791 1651 etsi
813 1619 918 1661 paulo
937 1620 1050 1650 minus
1070 1619 1196 1650 mirum
1219 1621 1309 1649 esset
1331 1626 1487 1657 superare
1512 1613 1649 1654 Tiphyn

121 1670 159 1701 in
189 1672 322 1710 cautes),
355 1670 440 1702 nihil
472 1670 581 1702 simile
615 1674 677 1702 aut
714 1671 930 1712 interpretes,
961 1670 1103 1702 hebetes
1133 1669 1362 1711 grammatici,
1401 1670 1464 1698 aut
1502 1665 1650 1698 Iacobus

121 1732 154 1762 p.
183 1722 246 1753 210
272 1721 404 1759 attulit,
431 1732 542 1763 neque
567 1722 640 1763 ipse
665 1722 760 1763 quod
785 1723 926 1763 propius
953 1721 1096 1753 accedat
1121 1721 1239 1752 inueni
1264 1730 1370 1761 quam
1396 1720 1476 1751 Tac.
1505 1728 1584 1749 ann.
1612 1725 1650 1747 IV

123 1774 165 1804 74
180 1775 199 1804 5
215 1773 312 1804 anxii
326 1783 401 1813 crya
416 1773 588 1805 Seianum.
636 1774 696 1805 sed
711 1774 789 1805 huic
804 1773 880 1805 loco
895 1784 964 1804 non
980 1776 1054 1804 tam
1070 1773 1203 1804 timoris
1219 1771 1348 1803 mentio
1364 1780 1470 1811 quam
1486 1768 1651 1800 audaciae

123 1825 296 1861 conuenit,
318 1827 359 1855 ut
379 1824 598 1856 scribendum
619 1825 813 1856 existimem
834 1828 907 1861 aut,
929 1824 1024 1865 quod
1046 1823 1183 1855 Ellisius
1204 1826 1296 1854 noct.
1319 1822 1410 1853 Man.
1433 1832 1466 1862 p.
1492 1821 1553 1852 160
1574 1829 1651 1860 pro-

123 1875 250 1916 posuit,
275 1879 467 1906 tenentem
490 1877 586 1916 (nam
606 1886 647 1907 ea
666 1876 878 1917 permutatio
899 1876 1005 1907 etiam
1025 1875 1108 1906 alibi
1127 1874 1223 1906 facta
1242 1877 1305 1910 est,
1328 1872 1423 1904 uelut
1444 1873 1542 1912 Verg.
1565 1871 1650 1902 Aen.

124 1935 191 1957 VIII
207 1927 271 1958 350
288 1929 324 1958 et
340 1926 421 1957 Luc.
440 1935 478 1957 VI
494 1928 572 1966 237)
590 1930 663 1964 aut,
681 1937 750 1968 quo
767 1927 873 1958 uerbo
889 1926 1045 1958 Valerius
1061 1926 1096 1956 in
1113 1926 1177 1957 hac
1194 1925 1338 1956 historia
1354 1935 1435 1955 usus
1452 1926 1505 1955 est
1521 1931 1558 1953 IV
1576 1923 1652 1958 676,

124 1981 314 2014 ruentem,
332 1978 426 2018 quod
442 1989 521 2009 cum
537 1978 572 2009 in
589 1982 727 2010 mentem
748 1978 889 2010 abiisset
911 1978 1012 2009 metri
1034 1988 1137 2009 causa
1159 1979 1350 2008 correctum
1372 1976 1417 2007 sit
1439 1975 1527 2006 sicut
1549 1974 1651 2004 Mart.

125 2038 180 2060 XII
200 2030 238 2061 61
262 2031 282 2060 5
303 2029 340 2060 in
361 2033 472 2060 tauros
491 2030 609 2070 Libyci
627 2033 730 2061 ruunt
749 2031 818 2070 (αγ,
833 2029 983 2070 fremunt
1002 2030 1038 2070 β)
1060 2028 1166 2060 leones
1257 2030 1299 2060 46
1319 2027 1400 2059 sitos
1411 2027 1439 2063 *‚
1461 2026 1543 2057 istos
1563 2024 1652 2061 libri,

125 2080 219 2121 quod
236 2091 306 2111 non
322 2080 495 2122 scripsisse
511 2084 653 2122 poetam
669 2081 822 2112 ostendit
838 2081 1012 2112 adiectum
1028 2080 1087 2111 sub
1103 2080 1208 2111 sidere
1221 2079 1290 2111 tali.
1338 2079 1403 2109 sita
1416 2078 1450 2109 in
1464 2078 1525 2108 ista
1540 2079 1652 2108 muta-

125 2135 202 2164 tum
220 2135 272 2163 est
290 2131 405 2164 Sidon.
426 2142 478 2173 ep.
498 2140 566 2163 vm
584 2133 603 2164 6
622 2133 652 2169 9,
671 2133 703 2164 si
720 2136 748 2164 te
766 2133 799 2164 in
819 2133 879 2164 iste
896 2132 998 2163 Mart.
1018 2140 1082 2162 xrv
1103 2133 1164 2162 147
1183 2132 1214 2167 2,
1234 2133 1354 2162 contra
1373 2129 1402 2160 is
1420 2129 1455 2160 in
1473 2129 1504 2160 si
1521 2127 1606 2159 Vell.
1626 2136 1655 2158 11

126 2185 167 2215 40
189 2184 210 2214 4
300 2185 393 2215 ortus
415 2182 453 2222 G,
472 2186 589 2224 portus
612 2183 648 2223 L,
667 2186 786 2225 portur
802 2184 848 2222 M,
867 2185 984 2225 partus
1008 2182 1081 2214 cod.
1107 2182 1196 2213 Flor.
1214 2194 1221 2213 ε
1256 2181 1336 2212 uide
1359 2181 1403 2212 ad
1427 2190 1455 2211 II
1479 2181 1542 2211 239
1560 2182 1595 2210 et
1617 2187 1654 2210 1v

126 2235 191 2267 206
281 2237 323 2268 47
342 2234 491 2267 solutam
511 2234 590 2273 GL2,
611 2235 763 2267 solutum
782 2235 855 2267 LM.
901 2235 1043 2266 solutam
1063 2233 1262 2274 Iphigeniae
1281 2232 1455 2273 sanquine,
1477 2231 1655 2271 adpulsam

127 2285 316 2317 Protesilai.
364 2286 424 2317 sed
453 2287 518 2318 hoc
549 2286 641 2318 solus
672 2286 883 2323 mortalium,
915 2286 1047 2327 opinor,
1079 2284 1354 2326 Wageningenus
1384 2294 1454 2314 non
1484 2281 1656 2314 intellexit

216 2340 258 2370 48
275 2337 374 2369 undis
392 2336 430 2376 G,
448 2337 535 2369 indis
553 2338 589 2374 L,
609 2338 700 2369 idem
718 2337 915 2369 attendenti
933 2337 1064 2368 indicat
1081 2336 1127 2375 M,
1146 2336 1182 2367 in
1200 2346 1269 2376 quo
1287 2338 1339 2366 est
1356 2344 1495 2366 nonnue
1512 2332 1656 2365 heundis

216 2391 258 2422 49
279 2389 411 2430 persida
434 2390 460 2420 Ι.
485 2390 625 2421 Vossius
647 2390 692 2420 ad
715 2389 840 2421 Catull.
864 2390 905 2420 66
927 2390 981 2425 45,
1004 2397 1063 2429 per
1083 2387 1193 2419 sidera
1214 2387 1288 2425 LM,
1311 2386 1420 2418 sidera
1443 2385 1523 2424 GL2,
1545 2393 1656 2426 perses

128 2439 202 2471 cod.
227 2440 390 2471 Venetus.
439 2440 587 2472 contulit
611 2440 788 2472 Bentleius
812 2449 849 2471 IV
873 2441 932 2471 661
960 2439 1102 2480 Libyam
1125 2438 1241 2470 Latias
1264 2438 1390 2479 infudit
1414 2437 1451 2468 in
1474 2437 1568 2468 urbes

171 2500 288 2523 xerxes
313 2491 620 2532 Regiomontanus‚
645 2501 769 2523 xerxen
793 2491 874 2530 GL2,
898 2499 1063 2522 xerxenus
1087 2490 1150 2521 LM
1237 2489 1376 2529 pelayus
1394 2488 1496 2529 faciet
1519 2488 1658 2519 Athone

128 2543 293 2584 perfosso,
321 2542 446 2574 Catull.
474 2544 515 2574 66
542 2545 584 2574 45
614 2543 709 2574 Medi
730 2553 883 2583 peperere
907 2544 1058 2582 (propere
1081 2541 1196 2580 codd.)
1225 2551 1350 2572 nouum
1376 2549 1474 2570 mare.
1520 2539 1659 2579 pelayus

129 2597 207 2634 teyet
238 2593 425 2625 ‘classibus
453 2594 605 2625 scilicet’
635 2593 794 2635 Scaliger,
824 2602 867 2624 111
895 2594 936 2625 20
965 2603 1086 2633 maqna
1112 2596 1252 2632 pontum
1279 2591 1339 2622 ,sub
1367 2591 1469 2622 classe
1497 2590 1658 2625 latentem,

130 2655 199 2686 quo
215 2655 316 2676 sensu
332 2645 460 2677 Seneca
475 2646 537 2686 Ag.
555 2647 597 2677 40
613 2655 663 2686 sq.
680 2649 766 2676 rates
783 2669 790 2675 .
810 2669 816 2675 .
837 2669 844 2675 .
863 2644 947 2675 uelis
963 2644 1070 2675 maria
1087 2647 1233 2675 texerunt
1247 2643 1330 2679 δαῖε,
1349 2642 1424 2674 Oct.
1442 2643 1483 2672 42
1499 2640 1660 2672 classibus

129 2697 208 2729 texit
219 2697 317 2738 freta,
336 2698 431 2728 anth.
452 2697 528 2728 Lat.
548 2697 639 2728 Ries.
657 2697 722 2727 462
737 2698 755 2727 7
768 2695 885 2727 classis
897 2699 1077 2727 contexerat
1090 2705 1209 2735 aequor
1224 2707 1231 2725 ε
1263 2694 1366 2735 uulgo
1379 2693 1421 2724 de
1435 2692 1660 2733 Hellesponto

131 2748 357 2781 contabulato
386 2749 670 2790 interpretantur,
701 2748 805 2788 idque
835 2747 982 2779 uoluisse
1012 2746 1150 2778 uidetur
1179 2745 1329 2777 Triarius
1359 2745 1436 2777 Sen.
1468 2754 1556 2775 suas·
1589 2744 1608 2774 2
1639 2743 1658 2774 3

132 2804 255 2832 montes
279 2799 435 2841 perforat,
464 2799 572 2831 maria
598 2798 744 2839 contegit,
773 2809 879 2840 quam
906 2801 1024 2830 tamen
1051 2797 1346 2839 comparationem
1373 2795 1533 2826 Manilius
1561 2793 1660 2825 aliter
