1855 3088
599 119 1082 164 ASTRONOMICON
1114 121 1154 163 V
1587 124 1639 162 77

149 241 217 272 605
271 232 493 288 spectabat
511 246 698 287 pugnam
716 232 933 288 pugnandi
952 246 1078 274 causa
1097 232 1249 287 puella,

269 307 438 361 iamque
457 307 589 348 oblita
609 307 673 348 sui
692 307 846 348 metuit
865 321 940 361 pro
960 306 1126 348 uindice
1145 306 1221 348 tali

270 381 483 435 suspirans
501 381 726 436 animoque
745 381 879 435 magis
898 395 1028 436 quam
1047 394 1218 436 corpore
1237 380 1406 436 pendet.

269 455 443 496 tandem
463 455 663 496 confossis
683 455 873 496 subsedit
891 455 1015 496 belua
1034 455 1233 496 membris

268 529 391 584 plena
410 529 537 570 maris
557 543 826 584 summasque
845 529 1000 570 iterum
1018 529 1223 570 remeauit
1242 529 1298 570 ad
1316 529 1452 570 undas

144 611 212 642 610
267 608 311 645 et
329 618 531 658 magnum
549 608 673 644 uasto
693 603 883 644 contexit
902 617 1073 657 corpore
1092 608 1286 658 pontum,

266 682 360 718 tum
380 691 547 732 quoque
567 677 762 718 terribilis
781 691 858 718 neo
876 677 1049 732 uirginis
1068 691 1138 718 ore
1157 677 1354 718 uidenda.

266 751 482 806 perfundit
500 751 660 806 liquido
680 751 854 793 Perseus
873 751 917 792 in
936 765 1143 792 marmore
1163 765 1314 806 corpus

264 825 397 866 maior
417 831 460 867 et
479 840 531 867 ex
549 825 674 867 undis
693 826 749 867 ad
768 830 913 867 cautes
932 826 1125 880 peruolat
1144 825 1253 866 altas

263 900 473 955 soluitque
492 899 736 941 haerentem
754 899 903 941 uinclis
922 900 974 941 de
993 914 1096 954 rupe
1115 899 1300 955 puellam

139 981 207 1012 615
262 974 526 1029 desponsam,
547 988 698 1029 magna
717 979 950 1029 nupturam
968 974 1069 1015 dote
1087 974 1243 1015 mariti.

261 1048 328 1090 hic
348 1048 466 1090 dedit
485 1048 779 1090 Andromedae
799 1049 961 1090 caelum
981 1048 1194 1103 stellisque
1213 1048 1398 1090 sacrauit

260 1123 495 1165 mercedem
513 1123 626 1164 tanti
645 1123 754 1173 belli,
777 1137 861 1178 quo
881 1123 1065 1165 concidit
1083 1123 1175 1177 ipsa

101 1226 238 1258 uidetur
257 1229 400 1264 extare;
434 1237 516 1258 nam
536 1227 579 1258 de
600 1226 730 1259 Colum.
754 1235 808 1258 XII
828 1228 870 1259 50
890 1228 910 1258 2
931 1237 1056 1269 parum
1075 1226 1195 1268 liquet.
1243 1227 1402 1258 imitatur
1423 1227 1522 1268 Verg.
1545 1227 1630 1259 Aen.

100 1286 141 1309 111
158 1279 221 1309 567
239 1289 395 1318 spumam
412 1278 529 1309 elisam
545 1282 574 1310 et
590 1278 739 1309 rorantia
756 1277 907 1309 uidimus
923 1282 1013 1310 astra
1105 1280 1168 1312 605
1184 1277 1297 1319 puella
1316 1277 1392 1316 GM,
1409 1278 1542 1319 puellae
1559 1278 1584 1310 L

188 1331 251 1363 607
270 1329 384 1361 animo
401 1329 549 1369 pendens·
568 1329 657 1361 dixit
671 1329 786 1361 Cicero
801 1340 892 1361 cons.
910 1338 923 1361 1
937 1340 991 1371 ap.
1008 1329 1098 1361 Non.
1115 1340 1148 1370 p.
1165 1330 1240 1361 204.
1288 1331 1497 1361 sententiam
1512 1330 1630 1371 Fayus

99 1383 275 1412 assecutus
304 1384 368 1418 est,
398 1391 468 1412 non
497 1381 684 1421 Pingraeus
775 1382 838 1413 609
867 1380 1034 1412 remeauit
1063 1380 1137 1412 cod.
1169 1380 1338 1417 Venetus,
1368 1380 1527 1421 regnauit
1554 1381 1629 1419 LM,

97 1430 232 1463 renauit
255 1430 334 1463 GL2.
382 1431 463 1463 Luc.
485 1440 528 1462 m
551 1433 614 1463 702
638 1442 787 1463 summas
809 1431 971 1463 remeabat
991 1431 1028 1463 in
1047 1431 1157 1463 undas
1248 1433 1312 1464 611
1333 1433 1415 1463 tunc
1435 1431 1502 1470 GL,
1522 1433 1629 1464 tuunc

96 1482 132 1514 M
222 1492 279 1514 nee
306 1482 451 1523 uirqinis
478 1493 531 1514 ore
558 1482 714 1520 uidenda,
744 1483 823 1514 uide
853 1484 911 1515 181
942 1493 992 1524 sq.
1086 1485 1150 1516 612
1176 1482 1351 1524 perfundit
1376 1482 1450 1521 LM,
1479 1483 1630 1524 perfudit

97 1532 177 1565 GL2.
225 1533 325 1566 Ouid.
349 1536 430 1565 met.
453 1542 491 1565 1v
513 1535 576 1566 740
598 1533 671 1574 ipse
691 1544 813 1565 manus
834 1533 953 1565 hausta
974 1533 1125 1565 uictrices
1145 1533 1251 1565 abluit
1271 1533 1364 1565 unda
1455 1536 1519 1567 613
1540 1534 1628 1566 altas

96 1584 143 1621 M,
167 1583 237 1616 alto
261 1584 326 1616 GL.
373 1587 465 1616 recte
488 1585 612 1626 aliquis
636 1595 677 1617 ex
702 1585 804 1617 undis
827 1595 937 1626 usque
961 1585 1006 1617 ad
1029 1585 1119 1617 altas
1143 1588 1263 1617 cautes
1285 1585 1466 1626 peruolare
1490 1585 1629 1623 dicitur,

95 1646 207 1677 neque
248 1638 423 1677 praestare
464 1636 613 1668 arbitror
655 1636 898 1668 Bentleianum
937 1636 1091 1677 prouolat
1183 1638 1247 1669 614
1287 1636 1458 1677 soluitque.
1507 1637 1628 1668 eadem

96 1697 213 1719 uersus
236 1687 315 1718 sede
339 1696 352 1718 1
376 1688 439 1719 652
463 1687 639 1728 redditque,
665 1689 729 1719 686
753 1688 944 1728 transitque,
968 1696 1011 1719 111
1034 1689 1076 1719 55
1100 1691 1269 1728 staretque,
1294 1688 1355 1719 sed
1377 1696 1391 1719 1
1415 1689 1457 1720 88
1475 1687 1557 1728 fecit
1579 1692 1620 1725 et,

95 1741 201 1779 atque
212 1738 262 1769 ita
275 1737 385 1770 multo
397 1739 543 1779 saepius.
591 1738 634 1770 de
650 1739 789 1771 Lucano
806 1739 878 1770 dixi
894 1739 946 1771 ed.
965 1749 1062 1770 meae
1074 1749 1107 1780 p.
1123 1740 1164 1770 75
1254 1738 1405 1780 puellam
1417 1738 1499 1777 GL2,
1512 1738 1627 1780 puella

94 1788 157 1821 LM
247 1791 310 1823 615
326 1798 453 1830 magna
467 1789 497 1828 *‚
514 1798 629 1831 pugna
645 1789 733 1827 libri,
750 1790 845 1831 quod
861 1790 1015 1832 plerique
1031 1800 1110 1821 cum
1127 1789 1325 1830 desponsam
1344 1793 1563 1827 construunt,
1581 1790 1625 1822 ad

94 1840 165 1872 dote
187 1840 382 1881 adiungunt
407 1841 557 1872 Huetius
584 1844 620 1872 et
647 1841 806 1878 Iacobus,
834 1844 1022 1882 utrumque
1049 1844 1196 1882 optante
1224 1841 1402 1882 Pingraeo.
1450 1844 1489 1873 at
1515 1851 1626 1882 neque

94 1902 210 1932 pugna
226 1891 396 1933 desponsa
412 1894 465 1923 est
480 1892 713 1929 Andromeda,
731 1892 790 1924 sed
810 1895 893 1924 ante
914 1903 1068 1934 pugnam
1093 1893 1199 1933 (578),
1215 1902 1327 1933 neque
1350 1903 1468 1934 pugna
1491 1892 1626 1930 dotata,

94 1942 154 1974 sed
176 1943 251 1974 uita
274 1953 313 1974 ac
336 1942 458 1980 salute,
482 1953 572 1984 quae
595 1954 721 1984 magna
744 1944 805 1975 dos
829 1947 904 1975 erat
927 1943 1042 1984 (Ouid.
1067 1944 1137 1976 her.
1163 1952 1219 1974 ΧΠ
1240 1944 1304 1976 203
1332 1953 1381 1984 sq.
1407 1943 1465 1975 dos
1492 1954 1564 1975 mea
1591 1948 1626 1975 tu

92 2003 205 2033 sospes
219 2018 226 2024 .
243 2018 249 2024 .
266 2017 273 2024 .
290 2003 300 2024 .·
319 1993 332 2024 i
344 2004 444 2031 nunc,
456 1993 646 2035 Sisyphias,
659 1994 815 2035 improbe,
825 1994 935 2036 confer
944 1996 1035 2035 opes)
1047 1997 1083 2026 et
1093 1997 1215 2026 contra
1227 1997 1334 2035 atque
1344 1995 1438 2036 apud
1448 1994 1627 2027 Romanos

93 2044 199 2076 fiebat
211 2055 281 2076 non
293 2045 338 2076 ab
351 2055 457 2077 uxore
470 2047 596 2077 marito
612 2046 671 2077 sed
687 2057 708 2078 a
724 2047 850 2077 marito
865 2047 966 2078 uxori
982 2045 1111 2083 oblata,
1128 2046 1223 2087 quod
1238 2046 1274 2077 in
1290 2045 1470 2078 Germanis
1486 2047 1625 2078 notauit

92 2096 233 2127 Tacitus
252 2095 365 2128 Germ.
390 2097 430 2128 18
455 2098 483 2128 l.
532 2096 648 2138 aliqua
667 2107 709 2129 ex
733 2100 832 2139 parte
851 2097 976 2129 similia
995 2100 1077 2129 sunt
1096 2097 1141 2129 ab
1161 2097 1292 2129 Huetio
1311 2100 1347 2129 et
1370 2097 1434 2128 Ed.
1459 2097 1624 2129 Muellero

93 2147 211 2178 adlata
225 2147 325 2179 Ouid.
340 2151 421 2179 met.
437 2156 474 2179 1v
487 2149 549 2179 757
567 2158 616 2189 sq.
633 2148 788 2189 protinus
804 2148 1041 2180 Andromedan
1053 2152 1081 2180 et
1094 2148 1179 2180 tanti
1188 2148 1341 2189 praemia
1351 2147 1438 2189 facti
1454 2147 1459 2192 Ι
1475 2148 1624 2180 indotata

91 2198 182 2238 rapit
208 2201 244 2230 et
270 2199 383 2230 Nonn.
417 2199 518 2231 Dion.
546 2208 648 2231 XLVII
678 2201 741 2231 512
769 2210 819 2241 sq.
849 2201 987 2239 δεσμοὺσ
1019 2200 1234 2240 Ἀνδρομέδησ
1265 2201 1413 2241 πτερόεισ
1444 2202 1623 2232 ἀνελύσατο

92 2251 239 2290 Περσεὺσ
260 2248 264 2293 Ι
285 2252 369 2289 ἄξιον
391 2252 480 2282 ἕδνον
504 2253 586 2291 ἔχων
610 2253 774 2292 πετρώδεα
797 2253 876 2292 θῆρα
896 2252 1080 2290 θαλάσσησ,
1104 2251 1164 2283 sed
1182 2250 1326 2282 similius
1346 2260 1421 2282 XXV
1439 2252 1502 2283 126
1522 2261 1572 2293 sq.
1594 2253 1623 2282 τί

91 2302 200 2339 πλέον,
216 2303 245 2332 εἴ
255 2314 294 2340 με
307 2303 466 2340 κόμισσασ
479 2304 516 2334 ἐσ
529 2304 649 2342 αἰθέρα,
666 2304 780 2342 νυμφίε
798 2305 923 2343 Περσεῦ
933 2315 947 2341 ,·
968 2301 973 2346 Ι
989 2304 1086 2334 καλὸν
1104 2304 1171 2341 ἐμοὶ
1184 2304 1282 2343 πόρεσ
1299 2304 1386 2334 ἕδνον
1405 2302 1583 2341 Ὀλύμπιον

181 2353 245 2385 616
267 2352 494 2385 andromedae
517 2352 634 2391 GL2M‚
659 2353 889 2386 andromache
911 2353 937 2385 L
1027 2353 1134 2385 stellis
1157 2353 1232 2385 cod.
1257 2353 1360 2391 Flor.,
1380 2353 1496 2385 stellas
1519 2353 1622 2390 GLM,

87 2402 95 2414 ²
115 2402 225 2434 stellas
253 2404 401 2435 sacrauit
429 2404 683 2437 unbedenklich
712 2406 775 2436 wie
804 2405 931 2436 caelum
959 2404 1047 2436 dedit
1063 2405 1070 2418 '
1099 2405 1283 2436 Breiterus.
1331 2405 1417 2446 quid
1442 2405 1550 2436 facias
1574 2405 1624 2436 illi

92 2454 147 2485 cui
163 2454 248 2486 haec
265 2455 390 2486 similia
406 2455 570 2488 uidentur
587 2458 600 2488 2
648 2456 767 2488 iubeas
785 2457 959 2488 communi
978 2466 1057 2488 cum
1074 2455 1240 2488 Stoebero
1257 2455 1384 2487 iudicio
1401 2456 1480 2488 frui.
1521 2456 1625 2487 stellis

91 2504 266 2537 ablatiuus
288 2508 351 2543 est,
374 2509 416 2538 ut
436 2508 502 2538 476
523 2506 669 2545 chartis;
704 2507 862 2539 similiter
883 2516 897 2539 1
918 2508 982 2539 364
1005 2507 1177 2549 (Iuppiter
1199 2507 1432 2547 Heniochum)
1455 2507 1543 2539 caelo
1560 2531 1568 2538 .
1587 2530 1595 2538 .
1615 2531 1623 2538 .

90 2556 248 2593 sacrauit,
274 2558 338 2589 369
364 2557 567 2599 (Capellam)
593 2559 740 2590 sacrauit
765 2559 803 2590 in
827 2558 936 2590 astris.
985 2561 1137 2590 ceterum
1162 2562 1254 2590 recte
1279 2558 1427 2590 Iacobus
1451 2558 1623 2600 uirgulam

89 2607 126 2638 in
153 2606 221 2638 fine
249 2618 368 2639 uersus
396 2609 561 2641 sustulit:
603 2610 755 2641 sacrauit
784 2610 929 2642 Perseus
957 2620 1034 2641 eam
1062 2620 1169 2651 quam
1197 2610 1290 2641 tanti
1320 2609 1402 2641 belli
1429 2609 1622 2641 mercedem

90 2658 245 2699 aocepit;
279 2659 329 2690 ita
354 2659 498 2692 Ouidius
521 2660 768 2692 Andromedan
789 2661 935 2701 pretium
958 2661 1080 2692 laboris
1103 2660 1257 2703 appellat
1277 2664 1359 2692 met.
1382 2669 1419 2692 rv
1440 2661 1515 2697 739,
1537 2660 1622 2691 tanti

87 2709 240 2748 praemia
252 2708 338 2750 facti
356 2712 429 2742 757.
479 2711 622 2743 Perseus
640 2712 760 2743 fecisse
779 2712 905 2744 dicitur
922 2712 1017 2753 quod
1035 2713 1107 2744 eius
1126 2713 1249 2744 merito
1267 2712 1401 2743 factum
1419 2714 1472 2743 est
1488 2724 1495 2743 :
1527 2711 1620 2752 Hyg.

89 2762 171 2790 astr.
199 2769 227 2791 11
255 2762 291 2792 11
319 2761 541 2794 Andromeda.
590 2762 668 2794 haec
693 2763 815 2794 dicitur
841 2763 1020 2795 Mineruae
1046 2763 1199 2805 beneficio
1224 2763 1309 2794 inter
1333 2762 1443 2794 sidera
1467 2761 1622 2793 collocata

88 2814 223 2851 propter
240 2811 354 2844 Persei
372 2813 528 2846 uirtutem
620 2816 683 2848 617
701 2823 768 2855 quo
786 2814 859 2854 LM,
879 2814 968 2856 quod
986 2814 1015 2847 G
1104 2813 1251 2847 concidit
1267 2814 1304 2846 M
1321 2815 1411 2846 sicut
1429 2814 1621 2846 coniecerat
