1855 3088
165 130 244 168 134
464 127 525 169 M.
558 126 809 170 MANILII
840 126 1323 170 ASTRONOMICON
1355 125 1395 167 V

158 239 266 271 uoluit
288 239 331 271 tn
351 239 491 277 orbem,
516 239 615 281 Verg.
633 249 746 281 georg.
766 248 779 271 1
797 241 860 272 337
883 249 978 280 quos
1001 239 1090 280 iynis
1113 238 1200 271 caelo
1223 237 1395 279 Cyllenius
1417 240 1497 269 erret
1517 237 1559 269 in
1578 236 1690 274 orbis,

160 291 260 324 Ouid.
279 291 368 322 trist.
387 299 409 321 v
426 292 446 321 2
464 292 505 322 75
529 291 696 331 rapidae
712 291 864 332 flammis
880 301 960 322 urar
974 291 1137 331 patienter
1154 290 1197 322 in
1213 290 1376 322 Aetnae.

205 344 268 375 845
292 343 327 372 in
344 344 443 373 textu
461 342 729 383 imprimendum
745 342 813 374 fuit
831 342 838 354 ‘
854 345 967 374 menta
982 341 1001 373 ’.

205 395 269 427 846
293 393 334 425 de
347 393 561 434 neglegentia
574 394 739 425 orationis
752 393 842 430 uide,
856 396 992 434 praeter
1005 403 1045 425 ea
1057 403 1146 434 quae
1159 392 1205 424 ad
1217 401 1245 423 11
1258 393 1321 424 377
1334 394 1370 423 et
1383 400 1419 423 1v
1432 392 1498 422 448
1511 390 1691 427 adnotaui‚

161 445 228 477 Cic.
251 444 293 476 de
313 444 371 475 fin.
394 453 422 475 ΙΙ
442 445 484 476 33
499 444 651 485 ferarum
670 447 792 476 natura
812 455 879 476 non
899 447 945 476 est
965 444 1026 476 illa
1044 443 1177 485 quidem
1196 443 1380 483 deprauata
1400 442 1490 473 mala
1508 441 1693 482 disciplina

160 495 216 527 secl
237 499 359 527 natura
379 506 452 533 sua,
475 495 549 527 Liu.
573 504 587 527 1
607 497 627 527 3
649 497 669 528 3
690 496 802 527 urbem
817 520 824 527 .
841 519 849 528 .
866 520 873 528 .
890 506 1035 527 nouam.
1055 519 1061 526 .
1079 519 1085 526 .
1102 494 1259 531 condidit,
1277 504 1360 534 quae
1380 493 1420 525 ab
1441 493 1510 524 situ
1527 495 1694 534 porrectae

161 547 199 579 ln
215 547 309 578 dorso
325 546 417 578 urbis
432 546 547 587 Lonqa
563 547 650 578 Alba
666 547 843 587 appellata.

206 600 270 632 848
304 598 405 630 Aetn.
445 599 509 630 608
547 598 714 630 nitidum.
733 622 739 629 .
758 622 764 629 .
780 597 907 630 caelum
946 598 1108 630 diurnum
1146 600 1209 634 est,
1250 597 1334 628 item
1372 595 1500 627 nitidus
1515 619 1522 627 .
1540 619 1547 627 .
1564 619 1572 627 .
1588 594 1694 627 aether

162 650 236 681 val.
254 649 305 681 Fl.
322 658 365 681 111
380 651 443 682 467
460 653 496 681 et
511 650 589 681 Var.
607 650 650 681 de
665 653 776 681 morte
792 651 812 681 4
827 649 931 682 Maer.
950 649 1021 682 Sat.
1039 658 1077 680 VI
1093 650 1112 680 2
1128 650 1181 681 20.

207 703 270 734 849
294 704 334 733 ut
357 704 606 743 transponatur
629 711 765 733 necesse
787 712 857 733 non
880 702 946 733 erit
969 701 997 732 si
1020 710 1159 732 uersum
1181 700 1272 731 inter
1296 700 1360 731 846
1383 701 1419 730 et
1443 699 1506 730 847
1529 697 1695 730 excidisse

162 762 347 784 sumemus.

208 806 271 837 850
292 803 409 844 procul
426 803 651 844 sequentibus
668 803 783 835 uolucr
799 803 924 836 litteris
941 803 1042 835 facile
1059 803 1175 834 omitti
1193 803 1310 844 potuit
1326 813 1335 839 ;
1366 804 1402 833 et
1419 801 1513 832 uiam
1530 803 1566 832 et
1580 799 1697 841 polum

163 856 228 896 (ita
246 855 347 895 Ven.)
366 855 509 887 lacunae
528 855 718 896 explendae
737 865 840 887 causa
858 858 939 897 post
956 855 1087 886 inserta
1105 865 1177 886 esse
1195 854 1360 885 uidentur
1377 862 1484 894 quam
1502 855 1626 884 natum
1644 854 1697 883 est

162 910 314 944 exurunt,
342 906 436 947 quod
462 906 637 938 obiectum
662 906 870 947 requirebat.
920 916 1135 947 quamquam
1161 908 1303 937 exurunt
1329 907 1365 936 et
1390 903 1487 936 arida
1513 906 1636 935 mutuo
1661 912 1697 934 se

163 958 304 995 auxilio,
322 959 419 989 cuius
435 968 517 990 sane
533 958 701 999 indigent,
719 958 884 990 adiuuare
901 958 1011 989 uideri
1026 968 1125 999 posse
1142 967 1212 988 non
1228 966 1325 997 nego.

207 1011 270 1043 851
294 1009 421 1040 arduus
437 1020 499 1050 pro
516 1009 633 1040 aridus
650 1010 682 1040 R
698 1010 798 1050 Verg.
816 1019 930 1051 georg.
947 1017 960 1040 1
978 1010 1053 1041 357.

209 1063 273 1094 858
296 1061 376 1092 uide
392 1061 499 1092 etiam
515 1061 561 1092 ad
577 1069 620 1092 ΙΙΙ
636 1062 699 1093 332
717 1060 897 1092 adnotata.

209 1114 273 1146 864
296 1123 311 1143 e
328 1112 434 1144 medio
450 1112 529 1144 libri
545 1121 588 1143 111
603 1113 679 1149 370,
697 1122 736 1144 ex
751 1112 904 1144 minimis
921 1121 934 1143 Ι
949 1112 1024 1144 493.

209 1166 273 1197 865
296 1164 380 1195 ratio
408 1174 470 1205 pro
498 1166 625 1195 natura
652 1164 806 1205 positum
833 1166 886 1195 est
914 1163 1012 1195 Lucr.
1043 1171 1081 1194 VI
1109 1163 1173 1194 475
1202 1172 1281 1193 narn
1309 1160 1395 1192 ratio
1422 1159 1700 1200 con-sanquineast

164 1215 334 1246 umoribus
362 1214 448 1253 ollis,
478 1215 542 1247 hoc
571 1218 690 1247 autem
718 1215 847 1256 passim
876 1214 1056 1246 Lucretius
1085 1224 1145 1256 per
1173 1212 1514 1245 circumlocutionem
1543 1211 1698 1248 adhibet,

164 1267 340 1298 interdum
357 1267 464 1298 etiam
480 1266 549 1304 alii,
566 1270 607 1298 ut
624 1267 690 1298 Cic.
708 1266 779 1298 n.d.
798 1275 826 1297 Π
844 1267 906 1298 136
923 1265 995 1298 alui
1012 1269 1144 1303 natura,
1162 1265 1243 1296 Luc.
1262 1273 1302 1295 IX
1320 1265 1382 1296 867
1399 1266 1521 1295 natura
1535 1262 1616 1303 poli.

211 1320 274 1351 867
291 1326 328 1349 1v
345 1319 409 1350 530
425 1317 545 1349 obcura
561 1328 623 1359 pro
639 1317 777 1349 obscura
793 1317 875 1349 Vrb.
895 1318 958 1349 667
975 1320 1011 1348 et
1028 1317 1124 1348 Voss.
1144 1317 1218 1348 390.

211 1371 273 1402 871
298 1370 333 1400 in
353 1369 472 1401 Iliadis
492 1369 638 1401 Latinae
657 1369 813 1401 uersibus
832 1379 895 1410 pro
914 1368 1033 1400 alterni
1052 1371 1117 1399 etc.
1139 1366 1424 1399 substituendum
1443 1365 1582 1397 uidetur
1595 1364 1701 1406 fortia

165 1423 253 1461 terqa
266 1424 393 1461 petunt.
434 1420 516 1452 addi
532 1423 679 1462 possunt
696 1420 780 1452 Hor.
799 1430 897 1452 serm.
917 1428 945 1451 ΙΙ
964 1421 984 1451 3
1008 1421 1049 1452 73
1066 1419 1125 1461 fiet
1148 1428 1238 1459 aper,
1263 1417 1371 1449 modo
1394 1417 1482 1455 auis,
1507 1427 1598 1448 cons.
1625 1416 1699 1448 Liu.

165 1473 274 1504 323-5
299 1472 380 1512 quid
405 1475 539 1503 mortem
564 1471 624 1503 tibi
649 1475 773 1503 maesta
795 1482 890 1512 roqas
905 1496 912 1503 .
930 1496 936 1503 .
955 1495 961 1503 .
979 1475 1007 1502 et
1030 1470 1137 1502 modo
1159 1480 1218 1511 per
1241 1479 1372 1501 somnos
1395 1468 1533 1509 aqitaris
1557 1467 1703 1508 imaqine

161 1523 255 1564 salsa
270 1523 296 1561 ?,
315 1523 389 1555 Liu.
409 1532 500 1554 XXVI
520 1525 559 1554 15
579 1524 618 1556 13
635 1533 710 1555 curn
730 1523 871 1555 Flaccus
888 1526 1017 1563 neqaret
1031 1521 1175 1563 profecto
1192 1521 1275 1553 satis
1293 1523 1472 1560 compotem
1488 1519 1607 1551 mentis
1623 1528 1701 1556 esse,

167 1575 275 1606 modo
301 1574 471 1615 prohiberi
489 1575 589 1606 etiarn
606 1584 651 1612 se,
670 1574 702 1606 si
720 1574 755 1606 id
773 1574 879 1611 uellet,
899 1577 1033 1605 senatus
1052 1573 1198 1605 consulto
1217 1572 1346 1609 diceret,
1365 1572 1445 1603 Tac.
1466 1581 1545 1602 ann.
1566 1579 1604 1602 V1
1622 1571 1663 1602 32
1683 1570 1702 1601 2

168 1625 294 1657 tardari
311 1629 408 1663 metu,
426 1625 534 1657 modo
550 1625 709 1666 cupidine
725 1625 894 1657 uindictae
911 1624 1125 1662 inardescere,
1143 1626 1322 1665 praeterea
1338 1622 1439 1654 Aetn.
1459 1623 1522 1654 277
1534 1621 1704 1662 quaeritur

168 1678 295 1718 arqenti
311 1688 432 1715 semen,
462 1687 565 1709 nunc
594 1687 697 1709 aurea
713 1687 812 1714 uena,
830 1676 912 1708 Luc.
932 1685 975 1707 ΠΙ
993 1677 1067 1713 693,
1086 1684 1125 1707 Ix
1143 1677 1218 1712 756,
1236 1675 1313 1707 Sen.
1332 1674 1420 1706 H.O.
1440 1674 1514 1706 302.

213 1730 277 1762 873
300 1728 399 1770 Verg.
416 1738 528 1770 georg.
545 1737 587 1759 ΙΠ
601 1729 665 1760 467
681 1738 779 1769 saepe
794 1728 826 1759 R
840 1738 903 1769 pro
917 1738 1017 1758 serae.
1057 1727 1099 1758 de
1114 1726 1283 1758 Mercurio
1297 1726 1417 1757 Theon
1431 1727 1513 1756 astr.
1531 1724 1583 1755 ed.
1599 1723 1703 1755 Mart.

167 1790 199 1821 p.
224 1781 288 1812 312
313 1783 475 1820 σύνεγγυσ
502 1782 551 1811 ἀεὶ
578 1779 623 1820 τῷ
650 1781 729 1819 ἡλίῳ
753 1782 805 1811 καὶ
828 1782 866 1810 τὰ
892 1781 998 1810 πολλὰ.
1023 1780 1300 1818 καταυγαζόμενον
1325 1778 1445 1817 ἀφανῆ,
1470 1775 1596 1817 Porph.
1621 1775 1702 1815 isag-

168 1841 201 1872 p.
227 1832 289 1863 199
311 1834 532 1872 σπανιώτεροσ
555 1832 677 1872 ὁρᾶται,
698 1831 783 1863 item
807 1830 969 1863 C.C.A.G.
994 1839 1047 1861 VII
1067 1840 1100 1871 p.
1127 1831 1188 1861 127
1213 1830 1253 1860 18
1276 1838 1339 1869 sq.,
1364 1836 1432 1859 VH]
1454 1828 1491 1858 iii
1512 1837 1544 1868 p.
1571 1827 1629 1857 111
1650 1827 1703 1857 20.

168 1882 253 1923 quid
270 1883 333 1914 hoc
351 1893 452 1914 uersu
469 1883 640 1914 diceretur
655 1893 698 1914 ne
715 1882 831 1923 Fayus
848 1881 989 1923 quidem
1006 1884 1069 1913 aut
1085 1880 1270 1913 Stoeberus
1287 1879 1481 1921 ignorabat,
1498 1877 1707 1919 ignorabant

171 1934 345 1965 Breiterus
361 1938 397 1966 et
413 1934 700 1975 VVageningenus.

215 1987 278 2018 883
302 1985 345 2017 de
362 1985 439 2026 fata
458 1996 612 2026 peraqere
635 1985 715 2017 uide
737 1995 828 2016 nunc
852 1984 939 2016 thes.
964 1983 1044 2025 ling.
1070 1983 1146 2014 Lat.
1172 1992 1209 2013 VI
1232 1993 1265 2024 p.
1291 1983 1355 2014 364
1377 1982 1420 2013 29
1443 1991 1506 2022 sq.‚
1531 1980 1591 2012 ubi
1613 1982 1706 2011 recte

171 2036 224 2068 hic
242 2047 360 2068 uersus
377 2037 562 2068 omittitur.

216 2089 280 2121 885
303 2087 392 2119 adde
408 2096 431 2118 v
449 2089 511 2118 124
524 2087 621 2128 pacis
637 2087 719 2118 bella
734 2090 770 2118 et
786 2086 867 2118 Luc.
886 2095 913 2117 11
932 2087 989 2118 171
1010 2085 1172 2117 Sullanae
1187 2109 1193 2116 .
1212 2109 1219 2116 .
1237 2109 1243 2116 .
1261 2084 1424 2116 cadauera
1437 2082 1543 2123 pacis.

216 2141 280 2171 890
303 2138 504 2170 coaceruatis
530 2138 695 2175 membris,
724 2140 939 2174 coaceruata,
967 2140 1008 2168 ut
1034 2145 1056 2167 V
1086 2137 1147 2168 127
1175 2135 1233 2167 hos
1259 2138 1415 2175 qenerant
1441 2133 1577 2175 Hyades
1604 2142 1707 2164 mores

173 2189 380 2229 sumentibus
396 2190 506 2221 astris.

217 2243 281 2275 895
304 2241 561 2283 Wageningeno
577 2241 704 2273 Mnem.
722 2251 777 2272 an.
798 2241 881 2272 1913
898 2250 930 2281 p.
949 2240 1013 2271 200
1030 2238 1133 2270 semel
1150 2237 1277 2270 accidit
1292 2240 1332 2269 ut
1347 2236 1562 2279 probabilem
1577 2235 1707 2267 coniec-

172 2294 289 2324 turam
306 2292 447 2330 faceret,
467 2292 669 2324 hominum
697 2291 812 2323 sortita
827 2290 1049 2331 sepulchrum,
1065 2290 1130 2322 hoc
1146 2292 1199 2321 est
1214 2288 1316 2330 quale
1332 2288 1488 2320 homines
1503 2287 1706 2319 sortiuntur.

171 2354 298 2375 nouum
314 2354 356 2375 ex
373 2343 472 2375 heum
488 2343 542 2375 uel
559 2343 674 2374 hoium
689 2343 784 2374 nasei
800 2343 926 2384 potuit.

218 2397 282 2428 896
305 2405 355 2436 sq.
373 2395 531 2426 imitatur
547 2394 645 2436 Verg.
663 2404 775 2435 georg.
794 2403 807 2425 Ι
822 2395 887 2424 464
902 2403 953 2434 sq.
972 2392 1027 2424 ille
1044 2391 1122 2432 (sol)
1139 2391 1239 2423 etiam
1253 2401 1363 2423 caecos
1379 2390 1503 2422 instare
1519 2388 1679 2421 turnultus
1701 2386 1705 2431 Ι

173 2455 271 2485 saepe
286 2449 393 2476 monet
403 2445 620 2486 fraudemque
636 2449 664 2477 et
680 2448 792 2485 operta
808 2448 980 2476 tumescere
996 2443 1089 2480 bella,
1106 2443 1166 2474 ubi
1182 2452 1270 2483 quae
1286 2441 1498 2483 praecedunt
1513 2440 1619 2472 uerba
1634 2439 1709 2480 quis

173 2496 278 2528 dicere
289 2496 381 2537 falsu
389 2507 418 2527 m
435 2496 554 2528 audeat
571 2500 754 2527 mutuatus
770 2499 823 2527 est
840 2504 867 2526 Π
886 2496 947 2526 134
965 2505 1014 2535 sq.

220 2550 284 2580 898
308 2547 399 2579 Petr.
428 2549 488 2579 117
513 2549 533 2579 9
557 2548 762 2587 imperamus
787 2546 953 2586 Eumolpo
975 2549 1011 2576 ut
1032 2545 1220 2586 plurimum
1243 2544 1373 2581 tussiat,
1397 2547 1434 2575 ut
1456 2543 1500 2574 sit
1522 2542 1616 2574 modo
1630 2541 1708 2583 <ad-

175 2599 360 2635 strfftioris,
382 2598 498 2640 modo>
512 2598 681 2629 solutioris
701 2597 861 2629 stomachi
880 2598 1029 2637 cibosque
1049 2607 1161 2628 omnes
1180 2595 1297 2636 palam
1316 2595 1448 2626 damnet
1469 2593 1709 2630 Buechelerus,

175 2660 254 2681 cum
281 2649 504 2682 Casaubonus
531 2649 624 2680 modo
651 2650 813 2680 omiserit.
862 2648 1053 2680 laudatoris
1079 2647 1258 2678 Messallae
1285 2646 1440 2678 uersibus
1466 2645 1600 2677 accedit
1626 2644 1707 2676 Luc.

177 2710 214 2732 VI
251 2702 360 2733 465-9
394 2712 414 2732 u
424 2711 497 2733 unc
528 2701 643 2732 omnia
677 2700 838 2740 complent
860 2699 864 2743 1
885 2699 1056 2736 imbribus,
1075 2723 1082 2730 .
1102 2723 1109 2730 .
1130 2723 1136 2730 .
1155 2698 1320 2730 uocibus
1354 2697 1477 2729 isdem
1494 2721 1501 2728 .
1521 2721 1528 2728 .
1548 2721 1555 2728 .
1575 2695 1710 2728 nebulas

176 2752 365 2793 nimbosque
380 2777 387 2784 .
405 2777 412 2784 .
430 2777 437 2783 .
453 2762 628 2784 excussere.

223 2806 286 2837 902
310 2804 394 2841 tulit,
413 2805 528 2844 gessit,
546 2807 586 2835 ut
602 2802 660 2835 Sil.
679 2812 721 2834 111
738 2803 802 2835 365
818 2806 854 2834 et
870 2802 959 2834 Stat.
978 2801 1084 2833 Theb.
1104 2810 1146 2832 111
1163 2802 1236 2832 656.

224 2857 287 2888 903
310 2855 468 2895 opposuit
483 2865 564 2886 suas
582 2855 671 2886 inter
687 2864 722 2885 se
739 2854 829 2885 uires
839 2853 1006 2894 finemque
1023 2862 1124 2884 suum
1141 2852 1268 2883 minata
1286 2854 1341 2882 est.
