1855 3088
180 114 235 152 94
481 112 543 154 Μ.
576 111 827 155 MANILII
858 112 1343 158 ASTRONOMICON
1373 115 1414 157 V

215 231 283 263 740
338 229 439 266 sunt
457 224 603 266 stellae
622 239 844 279 procerum
863 225 1030 276 similes,
1051 231 1152 268 sunt
1171 226 1364 282 proxima
1383 227 1529 282 primis

337 299 486 349 sidera,
508 304 692 354 suntque
711 300 866 354 gradus
885 305 1016 355 atque
1036 301 1178 342 omnia
1196 301 1309 343 iusta
1328 301 1516 357 priorum
1535 316 1543 343 :

337 373 548 415 maximus
569 378 634 415 est
653 374 834 428 populus
855 388 1020 416 summo
1041 375 1114 430 qui
1133 375 1314 417 culmine
1334 376 1468 418 fertur
1485 391 1494 427 ;

338 447 405 488 cui
425 447 460 488 si
478 462 554 502 pro
574 462 749 489 numero
769 448 879 490 uires
898 454 1052 490 natura
1072 449 1269 500 dedisset,

338 521 426 576 ipse
446 536 543 563 suas
563 522 709 563 aether
727 522 921 564 flammas
941 523 1113 565 sufferre
1132 524 1327 579 nequiret

213 603 280 634 745
335 601 455 638 totus
474 601 518 638 et
537 610 712 638 accenso
732 597 917 639 mundus
935 597 1134 653 flagraret
1154 598 1350 653 Olympo.

174 770 315 810 ἁστέρασ
328 769 524 801 Stoicorum
536 769 706 811 placitum
798 772 862 804 740
875 770 985 802 Rutil.
1000 771 1102 803 Nam.
1118 779 1132 802 1
1145 772 1163 803 7
1179 775 1472 803 commemoratur
1486 771 1715 804 Romanorum

170 831 378 861 procerum
399 831 555 861 ¹qenerosa
575 832 735 862 propaqo,
753 822 877 853 deinde
896 824 932 853 11
953 832 1003 863 sq.
1025 823 1212 863 proxima
1232 833 1372 854 munera
1392 823 1540 863 primis
1562 823 1671 855 sortiti

263 875 325 906 741
344 871 434 903 iusta
448 872 477 911 *,
495 872 572 904 iura
589 873 659 904 iam
679 872 866 910 Bentleius,
886 872 980 905 uicta
996 873 1075 905 libri
1164 873 1318 915 priorum
1334 874 1396 912 ΜΖ,
1414 873 1562 915 priorem
1579 873 1672 906 GLM

263 926 328 957 742
345 923 516 964 populus:
554 923 631 955 Sen.
655 934 725 965 n.q.
750 932 803 955 vn
824 926 867 955 24
889 926 909 956 3
931 925 1036 957 credis
1054 950 1060 957 .
1081 950 1088 957 .
1109 950 1115 957 .
1135 926 1221 957 inter
1242 925 1502 957 innumerabiles
1523 925 1634 958 stellas
1651 951 1658 958 .
1678 950 1686 958 .
1707 950 1714 958 .

171 975 316 1016 quinque
343 975 431 1007 solas
459 986 526 1007 esse
553 975 674 1016 quibus
700 986 844 1007 exercere
870 987 904 1007 se
932 976 1038 1014 liceat,
1067 980 1188 1008 ceteras
1214 981 1300 1008 stare
1320 978 1432 1019 fixum
1459 981 1487 1009 et
1514 977 1715 1009 immobilem

169 1026 365 1067 populum?
412 1027 454 1058 de
480 1037 550 1067 quo
574 1027 650 1058 loeo
676 1028 761 1058 mire
786 1028 916 1060 errauit
942 1027 1076 1059 Bollius
1103 1028 1319 1060 Paul.—Wiss.
1347 1029 1477 1069 encycl.
1505 1037 1543 1060 VI
1566 1040 1600 1071 p.
1628 1029 1715 1061 2407

172 1088 284 1119 neque
303 1079 416 1110 minus
435 1079 519 1109 mire
536 1089 569 1120 p.
590 1079 676 1110 2413
696 1079 738 1110 de
756 1078 843 1110 Plin.
864 1079 933 1110 n.h.
954 1087 983 1109 ΙΙ
1002 1080 1075 1116 110,
1095 1079 1155 1111 ubi
1172 1079 1313 1111 discreta
1330 1080 1506 1112 altitudine
1524 1081 1715 1122 coniungit,

171 1140 251 1161 cum
276 1129 407 1161 Plinius
431 1129 516 1161 caeli
539 1130 756 1167 uastitatem,
781 1130 878 1161 cuius
902 1130 1054 1162 altitudo
1077 1131 1247 1162 immensa
1269 1132 1326 1168 sit,
1350 1132 1386 1163 in
1409 1132 1507 1173 signa
1529 1131 1715 1164 discretam

170 1191 244 1213 esse
271 1181 365 1213 dicat
455 1191 584 1213 summo
610 1181 766 1218 culmine,
794 1181 876 1213 orbe
901 1181 1025 1219 lacteo,
1053 1183 1113 1223 qui
1139 1183 1204 1214 etsi
1230 1193 1300 1214 non
1326 1193 1460 1225 semper
1485 1183 1585 1215 nobis
1611 1193 1717 1225 supra

171 1236 278 1274 caput
295 1233 454 1270 uertitur,
473 1236 510 1264 at
527 1233 578 1264 ita
595 1233 684 1264 uerti
701 1232 854 1274 fingitur,
873 1241 887 1263 Ι
904 1233 968 1264 714
985 1243 1035 1274 sq.
1061 1243 1181 1274 super
1205 1233 1366 1265 incumbit
1389 1234 1518 1274 siqnato
1542 1234 1716 1266 culmine

170 1284 266 1315 limes
288 1282 292 1326 Ι
312 1283 476 1315 candidus
493 1287 521 1315 et
549 1283 746 1324 resupina
767 1283 855 1324 facit
883 1284 1077 1316 mortalibus
1104 1295 1173 1322 ora,
1203 1285 1289 1317 Plin.
1320 1286 1389 1317 n.h.
1420 1294 1449 1316 11
1476 1287 1495 1316 7
1523 1285 1715 1318 candidiore

171 1334 278 1366 medio
302 1346 364 1376 per
393 1335 583 1366 uerticem
611 1334 743 1366 circulo.
793 1335 835 1366 de
865 1335 974 1366 stellis
1002 1336 1075 1367 eius
1102 1336 1252 1368 Achilles
1275 1337 1358 1378 isag.
1383 1338 1426 1368 24
1450 1339 1589 1378 (comm.
1613 1337 1711 1370 Arat.

171 1386 296 1418 Maass.
332 1398 365 1428 p.
403 1388 445 1418 55
480 1387 581 1426 24-7)
618 1388 651 1418 ἐκ
685 1388 802 1426 μικρῶν
842 1389 926 1418 πανὺ
960 1389 1011 1418 καὶ
1050 1389 1304 1426 πεπυκνωμένων
1339 1390 1392 1420 καὶ
1429 1390 1503 1428 ἡμῖν
1538 1391 1712 1420 δοκούντων

173 1439 311 1476 ἡνῶσθαι
351 1439 402 1468 διὰ
440 1439 477 1469 τὸ
516 1439 676 1476 διάστημα.
710 1439 746 1469 τὸ
781 1439 847 1469 ἀπὸ
880 1440 1011 1478 οὐρανοῦ
1046 1440 1100 1470 ἐπὶ
1134 1441 1192 1477 τὴν
1226 1442 1288 1479 ’γῆν
1324 1441 1464 1480 ἀστέρων
1504 1442 1598 1472 αὐτὸν
1632 1441 1713 1472 εἷναί

172 1494 282 1529 φασιν,
318 1490 363 1521 ὡσ
393 1490 423 1520 εἴ
450 1501 503 1520 τισ
536 1490 635 1520 ἀλάσι
667 1491 803 1520 λεπτοῖσ
835 1492 887 1521 καὶ
922 1491 1059 1521 πολλοῖσ
1095 1492 1295 1522 καταπάσειέ
1328 1504 1370 1530 τι,
1407 1491 1500 1523 Man.
1539 1501 1553 1523 Ι
1591 1492 1710 1523 755-7.

170 1541 233 1573 has
263 1544 406 1582 poetam
436 1551 556 1582 reapse
588 1541 710 1573 ceteris
736 1540 814 1572 fixis
842 1541 951 1572 stellis
978 1542 1128 1574 minores
1155 1552 1228 1574 esse
1255 1543 1404 1580 credere,
1433 1553 1503 1574 non
1527 1546 1712 1585 propterea

169 1593 253 1633 quia
277 1592 479 1623 remotiores
505 1592 575 1623 sint
601 1592 750 1623 minores
776 1592 897 1629 uideri,
924 1592 1115 1624 ostendunt
1141 1603 1260 1624 uersus
1287 1594 1405 1626 743—5.
1454 1604 1566 1635 neque
1589 1595 1711 1626 ceteris

169 1643 370 1675 remotiores
389 1653 462 1674 esse
481 1643 617 1674 credere
635 1644 764 1685 potuit,
784 1643 911 1684 quibus
934 1643 1020 1675 nihil
1044 1643 1149 1675 altius
1173 1654 1245 1675 esse
1267 1645 1341 1686 ipse
1364 1653 1377 1676 1
1400 1646 1464 1677 534
1489 1645 1711 1678 confirmarat

169 1704 325 1735 quasque
365 1694 459 1726 caelo
498 1695 614 1725 omnia
652 1694 897 1736 complectenti
937 1695 1114 1726 inhaerere
1158 1697 1411 1736 (ἐνεστηρίχθαι)
1454 1707 1533 1728 cum
1570 1697 1710 1738 reliquis

168 1746 281 1788 poetis
317 1749 353 1777 et
391 1745 575 1777 doctorum
614 1745 904 1786 indoctorumque
942 1746 1046 1787 uulgo
1087 1757 1291 1788 persuasum
1331 1747 1465 1779 habuit.
1514 1748 1709 1780 Stoicorum

168 1797 310 1838 quidem
336 1798 545 1829 sententiam
571 1798 618 1829 sie
644 1798 806 1839 exposuit
833 1797 1045 1839 Chrysippus
1071 1808 1126 1839 ap.
1154 1798 1251 1830 Stob.
1279 1807 1293 1830 1
1317 1800 1356 1831 21
1385 1799 1573 1840 (Wachsm.
1601 1800 1670 1832 uol.
1696 1808 1710 1831 1

169 1860 202 1891 p.
223 1850 286 1880 185
305 1850 341 1880 11
361 1859 425 1890 sq.‚
443 1849 547 1880 Diels.
567 1849 646 1880 dox.
671 1848 728 1880 Gr.
752 1860 785 1891 p.
809 1850 874 1880 466
897 1850 974 1888 7—9)
998 1851 1156 1889 τετάχθαι
1174 1874 1181 1881 .
1202 1875 1209 1881 .
1229 1875 1236 1882 .
1255 1852 1296 1881 τὰ
1318 1852 1376 1888 μὲν
1401 1853 1532 1890 ἀπλανῆ
1555 1854 1608 1883 ἐπὶ
1630 1853 1708 1890 μιᾶσ·

170 1902 374 1939 ἐπιφανείασ,
411 1901 456 1931 ὡσ
487 1902 540 1931 καὶ
571 1901 695 1941 ὁρᾶται·
742 1902 783 1931 τὰ
815 1902 849 1931 δὲ
879 1902 1073 1939 πλανώμενα.
1109 1901 1160 1932 ἐπ’
1196 1904 1303 1941 ἄλλησ
1338 1904 1390 1933 καὶ
1425 1904 1532 1941 ἅλλησ
1565 1905 1709 1944 σφαίρασ

168 1951 273 1991 (adde
298 1953 369 1991 περὶ
395 1953 485 1989 κόσμ.
512 1951 617 1983 Arist.
644 1963 677 1993 p.
704 1952 789 1983 392³
814 1952 898 1983 16—8
921 1953 959 1983 τὸ
975 1977 982 1983 .
1002 1976 1009 1984 .
1030 1977 1037 1984 .
1056 1954 1118 1983 τῶν
1143 1954 1296 1984 ἀπλανῶν
1320 1956 1449 1992 πλῆθοσ
1466 1979 1473 1986 .
1493 1979 1500 1986 .
1520 1979 1527 1986 .
1554 1956 1607 1986 ἐπὶ
1628 1956 1708 1993 μιᾶσ

170 2004 358 2040 κινουμένων
393 2005 586 2042 ἐπιφανεὶασ
620 2005 683 2041 τῆσ
717 2004 773 2033 τοῦ
807 2005 998 2041 σύμπαντοσ
1033 2005 1202 2044 οὐρανοῦ);
1249 2015 1270 2035 a
1301 2015 1371 2046 qua
1401 2015 1472 2037 non
1504 2005 1708 2048 discrepare,

169 2057 209 2085 ut
238 2054 487 2085 festinantibus
518 2055 632 2085 uisum
663 2057 726 2089 est,
759 2064 850 2094 quae
882 2054 973 2086 Plut.
1005 2054 1093 2096 plac.
1127 2055 1211 2096 phil.
1244 2064 1273 2086 11
1305 2057 1344 2087 15
1376 2057 1396 2087 2
1427 2059 1462 2088 et
1492 2056 1589 2088 Stob.
1622 2065 1636 2088 1
1665 2057 1709 2088 24

168 2105 356 2145 (Wachsm.
383 2105 451 2136 uoI.
477 2114 490 2136 1
512 2116 545 2146 p.
572 2106 636 2137 205
665 2106 684 2136 6
712 2115 776 2146 sq.‚
805 2105 909 2136 Diels.
941 2105 1019 2137 dox.
1050 2105 1106 2137 Gr.
1136 2117 1169 2148 p.
1200 2107 1265 2138 344
1294 2108 1334 2139 10
1361 2108 1427 2148 sq.)
1455 2108 1588 2140 tradita
1614 2112 1707 2146 sunt,

167 2160 385 2197 agnouerunt
402 2156 439 2187 F.
454 2155 647 2187 Malchinus
664 2156 706 2187 de
722 2160 814 2188 auct.
834 2157 893 2197 qui
910 2156 1024 2188 Posid.
1043 2157 1101 2188 lib.
1121 2161 1261 2189 meteor.
1280 2158 1396 2190 adhib.
1414 2170 1447 2200 p.
1469 2161 1506 2191 ll
1525 2163 1560 2192 et
1578 2159 1708 2191 Bollius

168 2206 382 2239 Pani-Wiss.
406 2216 444 2237 VI
464 2218 497 2248 p.
522 2208 618 2238 2413.
667 2207 751 2238 nihil
773 2207 839 2239 huc
861 2208 1033 2249 pertinere
1054 2208 1146 2239 Man.
1170 2217 1184 2239 1
1203 2210 1269 2240 408
1290 2219 1340 2250 sq.
1363 2209 1569 2242 stolidorum
1590 2221 1706 2249 eausa,

167 2259 227 2299 qui
249 2269 284 2290 se
307 2258 359 2290 his
381 2258 506 2290 studiis
528 2259 734 2296 immiscent,
759 2259 971 2290 monendum
993 2263 1069 2296 est;
1107 2259 1148 2291 de
1171 2268 1185 2291 1
1207 2261 1271 2291 394
1293 2271 1355 2292 suo
1377 2261 1452 2293 loco
1475 2261 1618 2294 disserui

213 2312 276 2343 744
302 2312 365 2343 '745
381 2309 565 2342 uerborum
581 2313 722 2342 tantum
739 2310 1001 2342 similitudinem
1017 2311 1149 2343 habent
1166 2319 1179 2342 1
1195 2312 1255 2343 461
1275 2322 1325 2353 sq.
1344 2323 1411 2344 non
1427 2313 1545 2353 poterit
1561 2314 1706 2346 mundus

165 2361 302 2402 sufferre
321 2361 477 2392 incendia
493 2365 597 2398 tanta,
621 2359 625 2403 Ι
644 2361 759 2393 omnia
776 2361 808 2392 si
822 2361 935 2402 plenis
952 2362 1111 2394 ardebunt
1128 2362 1239 2394 sidera
1256 2363 1335 2404 (hoc
1352 2368 1406 2396 est
1422 2363 1533 2405 siqua)
1552 2364 1705 2397 membris

257 2415 321 2446 745
344 2412 503 2454 flagraret
526 2412 563 2451 L,
587 2412 750 2454 fraglaret
773 2413 819 2451 M,
837 2412 1004 2454 fragraret
1028 2413 1056 2445 G
