1855 3088
206 106 261 144 54
797 101 859 144 M.
891 100 1142 145 MANILII

238 224 307 254 410
363 215 577 271 quaesitor
595 214 798 256 scelerum
816 214 960 256 ueniet
978 214 1219 270 uindexque
1238 229 1417 266 reorum,

363 290 436 344 qui
455 281 663 331 conmissa
682 289 768 331 suis
786 288 1011 331 rimabitur
1030 290 1288 344 argumentis

361 364 405 405 in
425 364 644 419 lucemque
663 364 807 405 trahet
825 363 959 405 tacita
978 364 1195 405 latitantia
1214 364 1375 406 fraude.

361 438 459 480 hinc
479 438 609 480 etiam
627 438 788 480 inmitis
807 443 944 480 tortor
963 452 1207 494 poenaeque
1225 438 1417 480 minister

361 518 405 554 et
424 513 614 568 quisquis
633 527 787 554 ueroue
807 513 926 554 fauet
945 513 1167 567 culpamue
1187 513 1354 567 perodit

235 596 303 626 415
359 587 553 643 proditur
572 592 702 642 atque
722 587 809 629 alto
831 586 903 642 qui
922 587 1056 642 iurgia
1075 592 1244 642 pectore
1263 587 1400 629 tollat.

413 662 627 703 caeruleus
646 666 780 717 ponto
799 676 897 703 cum
916 676 959 703 se
978 661 1214 716 Delphinus
1233 661 1277 703 in
1297 666 1411 703 astra

360 736 481 792 erigit
501 741 544 778 et
563 750 786 792 squamam
806 736 936 778 stellis
955 736 1223 778 imitantibus
1243 736 1344 786 exit,

196 872 327 905 Colum.
348 881 388 903 XI
404 873 423 903 2
441 873 483 904 40
501 875 537 903 et
553 872 608 909 43,
627 871 722 904 Clod.
747 882 805 913 pp.
827 872 889 904 133
907 873 939 909 5,
959 872 1022 904 134
1039 872 1058 902 2
1077 872 1171 912 (cum
1189 870 1341 903 Geminis
1361 872 1423 903 135
1441 872 1461 902 6
1478 872 1556 912 sq.),
1574 870 1736 912 idemque

197 924 308 955 Plinio
335 926 480 964 excepto
507 933 630 954 uerum
656 924 728 954 eius
755 933 835 954 cum
862 922 1003 964 Scorpio
1029 926 1191 954 exortum
1218 925 1504 959 commemorant,
1535 922 1665 954 Colum.
1695 930 1736 953 XI

195 976 215 1006 2
235 976 277 1006 84
295 978 331 1006 et
350 975 402 1012 88,
423 974 516 1006 Clod.
537 985 595 1015 pp.
618 975 679 1005 152
700 975 719 1005 6
738 977 774 1005 et
794 975 855 1006 153
875 975 905 1005 7.
954 973 1133 1010 Firmicus,
1153 974 1213 1014 qui
1231 973 1326 1015 apud
1344 973 1406 1005 hos
1425 973 1554 1004 aliosue
1576 976 1735 1004 auctores

196 1026 409 1067 Delphinum
432 1025 537 1066 paulo
562 1028 644 1056 ante
668 1025 790 1056 Fidem
809 1025 889 1056 oriri
910 1024 1051 1065 legerat,
1074 1024 1207 1056 Manilii
1226 1025 1382 1056 ordinem
1401 1025 1545 1056 inuertit
1564 1033 1632 1055 vm
1654 1026 1694 1056 15
1713 1025 1733 1056 2

195 1088 246 1118 sq.
265 1078 303 1109 in
323 1081 418 1117 parte
438 1081 523 1108 VIII
547 1076 747 1116 Capricorni
769 1077 874 1107 oritur
899 1076 1092 1116 Delphinus
1110 1100 1117 1107 .
1138 1100 1144 1107 .
1165 1100 1172 1106 .
1191 1076 1229 1107 in
1248 1081 1280 1108 X
1296 1079 1391 1116 parte
1411 1075 1610 1116 Capricorni
1628 1076 1734 1107 oritur

195 1129 309 1170 Lyra;
345 1128 437 1159 idem
461 1138 551 1169 quae
574 1131 678 1169 poeta
702 1128 833 1159 324-38
857 1127 899 1159 de
922 1127 1015 1169 Lyra
1037 1126 1175 1159 rettulit
1198 1127 1393 1158 omittenda
1416 1138 1489 1158 esse
1512 1127 1624 1158 duxit.
1672 1127 1733 1158 sed

195 1180 377 1212 Manilium
397 1181 433 1211 in
453 1181 500 1211 eis
521 1189 610 1220 quae
631 1179 673 1210 de
694 1180 890 1220 quaesitore
910 1179 1077 1210 scelerum
1097 1182 1133 1210 et
1153 1179 1268 1210 inmiti
1288 1181 1421 1210 tortore
1441 1178 1620 1219 subiungit
1639 1178 1731 1210 Fidi-

194 1231 291 1264 culae
316 1241 454 1268 nomen,
481 1230 577 1271 quod
601 1231 637 1261 in
662 1241 765 1261 uersu
790 1240 917 1271 ponere
942 1240 1013 1261 non
1038 1230 1166 1271 potuit,
1193 1231 1228 1261 in
1255 1232 1371 1261 mente
1395 1229 1534 1267 habere,
1560 1230 1730 1261 Firmicus

193 1294 263 1315 non
287 1282 470 1319 intellexit,
496 1281 668 1313 intellexit
692 1281 865 1322 Scaliger;
904 1284 956 1313 est
981 1282 1073 1312 enim
1097 1280 1237 1312 fidicula
1260 1283 1406 1322 βασάνου
1432 1283 1530 1321 ’γένοσ
1555 1281 1676 1313 C.G.L.
1703 1290 1732 1312 11

193 1345 226 1376 p.
248 1335 313 1366 256
334 1335 385 1370 10,
406 1343 508 1373 ¹(lenus
528 1333 680 1364 tormenti
698 1341 736 1364 IV
755 1343 788 1374 p.
810 1334 874 1365 342
893 1334 936 1364 45
953 1344 960 1364 ι
993 1332 1089 1373 quod
1108 1332 1154 1363 ad
1172 1332 1285 1374 lyram
1304 1332 1422 1363 referri
1440 1333 1550 1374 possit
1569 1332 1655 1364 nihil
1673 1332 1730 1364 hic

193 1388 495 1418 commemoratur.
544 1387 797 1425 proptereaque
837 1384 944 1415 etiam
984 1394 1146 1425 peruersa
1185 1386 1249 1421 est,
1290 1393 1397 1424 quam
1436 1393 1731 1424 superuacaneam

192 1448 265 1469 esse
291 1438 362 1468 iam
388 1436 535 1472 ostendi,
563 1435 666 1467 Bollii
692 1436 890 1466 coniectura
916 1435 1050 1476 sphaer.
1078 1445 1111 1476 p.
1140 1435 1205 1466 266
1231 1434 1368 1476 prolata
1394 1438 1430 1466 et
1455 1434 1644 1466 humilibus
1670 1435 1729 1466 ad-

193 1487 448 1520 sentationibus
474 1490 632 1528 excepta,
659 1486 802 1517 Manilio
829 1487 929 1526 (num
955 1487 1061 1517 etiam
1089 1485 1208 1518 Clodio
1234 1489 1269 1517 et
1294 1486 1432 1517 rusticis
1449 1486 1477 1526 ἲ)
1505 1485 1730 1517 obuersatum

192 1550 264 1572 esse
287 1539 373 1571 caeli
394 1539 439 1570 ab
461 1538 642 1579 Aegyptiis
670 1538 827 1579 discripti
853 1537 947 1569 sidus
971 1539 1029 1575 τὴν
1054 1539 1234 1576 δυσώνυμον
1261 1539 1370 1578 λύραν,
1393 1547 1500 1578 quam
1523 1537 1731 1578 Capricorno

193 1592 500 1632 παρανατέλλουσαν
531 1589 666 1620 inducit
694 1589 824 1620 Teucer
851 1589 897 1620 ib.
927 1599 960 1630 p.
992 1590 1033 1620 50
1065 1589 1128 1626 19;
1171 1589 1311 1626 etenim,
1341 1591 1382 1620 ut
1410 1589 1460 1620 ait
1488 1588 1648 1630 Scaliger,
1680 1588 1732 1620 ‘si

192 1642 333 1674 fidicula
363 1645 415 1673 est
445 1644 593 1682 βάσανοσ
623 1640 768 1677 Latinis,
794 1643 832 1671 at
856 1640 995 1672 Graecis
1019 1642 1098 1680 λύρα
1123 1650 1194 1671 11011
1217 1640 1303 1677 est',
1329 1640 1393 1671 hoc
1418 1642 1536 1671 autem
1564 1640 1731 1681 sphaerae

192 1694 393 1726 barbaricae
417 1692 512 1724 sidus
537 1692 708 1723 musicum
734 1701 903 1732 organum
928 1694 992 1728 est,
1019 1693 1038 1730 ὴ
1062 1693 1142 1732 λύρα
1166 1694 1203 1730 ἣν
1227 1692 1356 1731 κατέχει
1380 1693 1462 1730 -γυνὴ
1487 1692 1653 1730 ὑδατώδησ
1677 1695 1730 1724 καὶ

191 1747 328 1785 μελῳδεῖ
349 1744 387 1775 δι’
410 1746 512 1782 αι’ννῆσ
534 1742 697 1775 C.C.A.G.
716 1751 739 1773 v
760 1743 771 1774 i
792 1753 825 1784 p.
850 1743 913 1774 166
934 1743 1020 1774 35-7
1113 1745 1177 1775 410
1198 1742 1324 1773 uindex
1337 1752 1479 1779 reorum,
1497 1742 1654 1774 adsertor
1669 1744 1730 1784 qui

191 1807 250 1828 eos
271 1807 292 1828 a
311 1795 407 1827 falsis
428 1794 629 1826 criminibus
647 1794 853 1830 uindicabit‚
874 1793 969 1834 quod
987 1793 1110 1825 iudicis
1130 1796 1183 1825 est
1203 1803 1286 1824 uero
1305 1793 1468 1825 fauentis.
1516 1795 1564 1825 sic
1586 1794 1730 1826 Perseus

190 1847 434 1880 Andromedae
454 1846 583 1877 uindex
604 1845 800 1886 appellatur
820 1846 896 1882 587,
917 1848 1030 1876 terrae
1050 1844 1216 1876 Hercules
1238 1844 1338 1877 Ouid.
1362 1848 1444 1876 met.
1466 1853 1507 1876 IX
1526 1846 1588 1876 241
1607 1857 1615 1882 ;
1650 1845 1727 1877 Sen.

190 1900 268 1931 Tro.
286 1900 348 1930 471
379 1898 493 1929 Troici
515 1896 665 1938 desen-sor
688 1900 716 1928 et
739 1896 865 1928 uindex
886 1896 960 1928 soli.
1008 1896 1137 1928 uindex
1161 1906 1241 1928 cum
1264 1897 1426 1937 genetiuo
1449 1897 1605 1928 homines
1628 1898 1730 1938 signi-

190 1951 311 1983 ficanti
331 1960 394 1991 pro
414 1950 576 1991 punitore
594 1949 689 1989 poni,
709 1947 804 1988 quod
824 1947 935 1979 lexica
955 1958 1026 1979 non
1048 1947 1186 1985 docent,
1210 1947 1364 1979 ostendit
1387 1947 1462 1979 Val.
1487 1947 1579 1979 Max.
1605 1956 1644 1979 VI
1667 1949 1686 1981 3
1710 1949 1730 1980 8

191 2002 339 2034 sontium
365 2004 493 2032 mature
519 1999 671 2031 uindices
698 1999 896 2036 eztiterunt3
936 1998 997 2031 sed
1022 2000 1071 2030 rei
1096 1999 1291 2030 indemnati
1317 1999 1484 2040 puniendi
1506 2010 1576 2030 non
1599 2003 1683 2031 sunt

282 2055 345 2085 411
373 2052 457 2089 suis,
487 2052 749 2087 conmissorum,
777 2050 858 2082 uide
885 2050 952 2082 Cic.
982 2049 1082 2082 Catil.
1111 2059 1155 2081 111
1187 2051 1226 2082 13
1257 2050 1441 2082 certissima
1459 2075 1466 2081 .
1486 2074 1493 2081 .
1513 2055 1730 2090 ‚arqumenta

192 2108 287 2145 atque
301 2103 430 2135 indicia
442 2102 584 2139 sceleris,
602 2105 692 2143 part.
713 2112 760 2133 or.
780 2102 822 2133 39
838 2111 942 2141 genus
958 2104 1227 2141 arqumentorum
1245 2125 1251 2132 .
1272 2125 1278 2132 .
1299 2125 1306 2132 .
1325 2100 1411 2141 quod
1427 2112 1466 2132 ex
1476 2101 1562 2142 facti
1578 2102 1731 2142 uestiqiis

189 2155 344 2187 sumitur.
394 2154 470 2185 dico
506 2156 648 2194 propter
683 2152 820 2193 Fayum
855 2155 891 2183 et
925 2152 1222 2192 Wageningenum
1257 2153 1463 2193 interpretes
1555 2154 1620 2186 412
1653 2152 1729 2185 lati-

190 2205 301 2238 tantia
324 2205 484 2246 Scaliger,
508 2203 652 2236 latentia
673 2203 763 2241 libri,
786 2202 952 2235 laetantia
975 2203 1152 2234 Bentleius
1175 2202 1302 2234 collato
1325 2203 1424 2244 Verg.
1449 2203 1533 2234 Aen.
1559 2212 1597 2235 VI
1619 2205 1728 2237 567-9

190 2257 375 2298 «subigitque
386 2256 489 2297 fateri
511 2254 516 2298 l
535 2266 618 2296 quae
634 2255 710 2295 quis
727 2258 810 2295 aput
825 2265 963 2295 superos
976 2254 1069 2295 furto
1089 2254 1258 2286 laetatus
1278 2254 1377 2286 inani
1398 2253 1402 2297 Ι
1421 2254 1550 2286 distulit
1568 2255 1606 2286 in
1621 2266 1729 2288 seram

191 2308 399 2340 commissa
426 2306 566 2348 piacula
593 2309 739 2343 mortem,
768 2316 858 2346 quae
884 2308 926 2337 ut
953 2306 1066 2337 minor
1093 2306 1243 2337 mutatio
1271 2309 1335 2342 est,
1363 2306 1414 2336 ita
1441 2316 1511 2337 non
1538 2309 1613 2337 tam
1642 2306 1728 2339 bene

189 2360 286 2391 facta
299 2369 406 2400 quam
420 2359 576 2390 homines
590 2357 713 2389 laetari
727 2357 900 2388 dicuntur.
949 2356 1029 2388 uide
1043 2357 1107 2388 523
1122 2366 1171 2397 sq.
1182 2355 1275 2397 furto
1293 2380 1300 2387 .
1321 2381 1327 2388 .
1348 2380 1354 2387 .
1374 2356 1525 2388 latentem
1547 2355 1551 2399 Ι
1571 2361 1728 2389 naturam

191 2421 302 2442 eruere
394 2412 459 2442 414
493 2418 536 2440 ue
571 2408 669 2440 fauet
703 2408 863 2445 Iacobus,
899 2407 996 2439 fauet
1027 2407 1101 2444 LM,
1131 2407 1220 2439 fauit
1249 2408 1350 2439 metri
1383 2418 1487 2439 causa
1517 2407 1586 2439 (Η.2
1617 2419 1728 2450 prauo

190 2461 288 2493 uerbi
316 2464 473 2501 tempore
561 2459 691 2500 perodit
720 2469 895 2500 nusquam
922 2458 1015 2495 alibi,
1049 2461 1090 2490 ut
1116 2458 1266 2495 uidetur,
1292 2458 1423 2490 lectum
1453 2459 1599 2491 uerbum
1622 2463 1727 2501 poeta

190 2523 211 2544 a
249 2522 371 2553 peroso
412 2511 552 2542 finxisse
592 2513 709 2551 potest
750 2513 791 2541 ut
836 2510 881 2541 ab
924 2512 1048 2541 aurato
1089 2509 1227 2541 aurauit
1264 2518 1301 2541 IV
1339 2511 1414 2541 515.
1476 2520 1520 2541 ne
1552 2511 1725 2551 promis-su

190 2563 332 2604 quidem
359 2562 451 2601 (578)
479 2564 542 2592 aut
573 2560 740 2592 decircino
774 2562 800 2599 (1
838 2560 914 2596 296,
946 2568 990 2590 111
1021 2560 1100 2600 326)
1127 2563 1191 2591 aut
1224 2560 1437 2591 delas-scibilis
1469 2562 1521 2600 (IV
1552 2562 1631 2601 242)
1662 2565 1727 2593 aut

190 2614 416 2646 indelassatus
441 2614 478 2652 (v
497 2613 552 2651 63)
573 2622 615 2643 ex
635 2611 710 2642 aliis
730 2611 932 2642 auctoribus
952 2611 1101 2642 refertur
1191 2613 1255 2645 415
1274 2613 1409 2652 pectore
1428 2610 1466 2650 G,
1490 2613 1629 2653 pectora
1650 2612 1725 2645 LM.

189 2665 386 2697 simultates
415 2673 459 2695 ex
488 2663 612 2694 animis
641 2662 857 2703 litigantium
885 2662 1052 2694 radicitus
1082 2663 1234 2694 eximet:
1277 2666 1370 2694 recte
1400 2662 1598 2703 Pingraeus.
1646 2664 1727 2696 uide

190 2726 233 2749 m
255 2718 317 2748 115
336 2715 516 2747 soluentem
535 2714 647 2754 iurqia
666 2713 815 2745 iudicem
907 2715 1059 2747 416-448
1079 2724 1158 2745 cum
1179 2714 1385 2755 Capricorno
1405 2715 1515 2746 oritur
1533 2714 1726 2756 Delphinus

191 2768 429 2800 consentiente
451 2765 600 2797 Eudoxo
622 2775 676 2805 ap.
699 2765 805 2805 Hipp.
825 2773 854 2795 11
872 2765 891 2797 3
909 2766 941 2801 4,
960 2764 1082 2796 Auien.
1103 2766 1199 2802 1260,
1218 2775 1319 2796 anon.
1338 2765 1462 2797 Maass.
1483 2776 1606 2797 comm.
1625 2766 1723 2798 Arat.

189 2830 223 2862 p.
248 2820 311 2851 120
335 2819 375 2850 15
468 2819 532 2850 417
553 2815 658 2848 stellis
680 2815 745 2853 GL,
768 2815 866 2847 stillis
887 2815 924 2847 M
1014 2815 1083 2848 exit
1105 2815 1170 2853 GL,
1193 2817 1244 2848 est
1263 2815 1312 2848 sic
1333 2815 1380 2855 M,
1403 2816 1439 2847 id
1460 2819 1513 2848 est
1534 2816 1623 2854 eosic,
1645 2816 1726 2849 uide
