<?xml version="1.0" encoding="UTF-8"?>
<!DOCTYPE html PUBLIC "-//W3C//DTD XHTML 1.0 Transitional//EN"
    "http://www.w3.org/TR/xhtml1/DTD/xhtml1-transitional.dtd">
<html xmlns="http://www.w3.org/1999/xhtml" xml:lang="en" lang="en">
 <head>
  <title>
</title>
<meta http-equiv="Content-Type" content="text/html;charset=utf-8" />
  <meta name='ocr-system' content='tesseract 3.04.00' />
  <meta name='ocr-capabilities' content='ocr_page ocr_carea ocr_par ocr_line ocrx_word'/>
</head>
<body>
  <div class='ocr_page' id='page_1' title='image "astronomiconrece05maniuoft_0140.png"; bbox 0 0 1855 3088; ppageno 0'>
   <div class='ocr_carea' id='block_1_1' title="bbox 218 117 1153 161">
    <p class='ocr_par' dir='ltr' id='par_1_1' title="bbox 218 117 1153 161">
     <span class='ocr_line' id='line_1_1' title="bbox 218 117 1153 161; baseline -0.001 -1"><span class='ocrx_word' id='word_1_1' title='bbox 218 122 271 161; x_wconf 89' lang='lat'>80</span> <span class='ocrx_word' id='word_1_2' title='bbox 808 118 869 160; x_wconf 91' lang='lat' dir='ltr'>M.</span> <span class='ocrx_word' id='word_1_3' title='bbox 902 117 1153 160; x_wconf 85' lang='lat' dir='ltr'>MANILII</span> 
     </span>
    </p>
   </div>
   <div class='ocr_carea' id='block_1_2' title="bbox 254 230 1448 658">
    <p class='ocr_par' dir='ltr' id='par_1_2' title="bbox 254 230 1448 584">
     <span class='ocr_line' id='line_1_2' title="bbox 254 230 1448 286; baseline 0.003 -17"><span class='ocrx_word' id='word_1_4' title='bbox 254 239 320 270; x_wconf 89' lang='lat'>635</span> <span class='ocrx_word' id='word_1_5' title='bbox 377 246 499 273; x_wconf 91' lang='lat' dir='ltr'>omne</span> <span class='ocrx_word' id='word_1_6' title='bbox 519 245 593 286; x_wconf 92' lang='lat' dir='ltr'>per</span> <span class='ocrx_word' id='word_1_7' title='bbox 612 230 796 272; x_wconf 90' lang='lat' dir='ltr'>officium</span> <span class='ocrx_word' id='word_1_8' title='bbox 815 230 1035 285; x_wconf 88' lang='lat' dir='ltr'>uigilantia</span> <span class='ocrx_word' id='word_1_9' title='bbox 1054 230 1243 272; x_wconf 87' lang='lat' dir='ltr'>membra</span> <span class='ocrx_word' id='word_1_10' title='bbox 1263 230 1448 272; x_wconf 74' lang='lat' dir='ltr'>ferentis.</span> 
     </span>
     <span class='ocr_line' id='line_1_3' title="bbox 377 305 1436 361; baseline -0.001 -14"><span class='ocrx_word' id='word_1_11' title='bbox 377 306 444 347; x_wconf 88' lang='lat' dir='ltr'>hic</span> <span class='ocrx_word' id='word_1_12' title='bbox 464 305 714 360; x_wconf 70' lang='lat' dir='ltr'>glomerabit</span> <span class='ocrx_word' id='word_1_13' title='bbox 733 320 841 360; x_wconf 90' lang='lat' dir='ltr'>equo</span> <span class='ocrx_word' id='word_1_14' title='bbox 860 319 985 360; x_wconf 89' lang='lat' dir='ltr'>gyros</span> <span class='ocrx_word' id='word_1_15' title='bbox 1005 305 1212 361; x_wconf 86' lang='lat' dir='ltr'>dorsoque</span> <span class='ocrx_word' id='word_1_16' title='bbox 1232 305 1436 360; x_wconf 88' lang='lat' dir='ltr'>superbus</span> 
     </span>
     <span class='ocr_line' id='line_1_4' title="bbox 379 379 1405 434; baseline 0 -13"><span class='ocrx_word' id='word_1_17' title='bbox 379 380 510 422; x_wconf 87' lang='lat' dir='ltr'>ardua</span> <span class='ocrx_word' id='word_1_18' title='bbox 530 380 639 421; x_wconf 89' lang='lat' dir='ltr'>bella</span> <span class='ocrx_word' id='word_1_19' title='bbox 658 385 774 434; x_wconf 88' lang='lat' dir='ltr'>geret</span> <span class='ocrx_word' id='word_1_20' title='bbox 792 385 930 421; x_wconf 88' lang='lat' dir='ltr'>rector</span> <span class='ocrx_word' id='word_1_21' title='bbox 949 394 1046 421; x_wconf 91' lang='lat' dir='ltr'>cum</span> <span class='ocrx_word' id='word_1_22' title='bbox 1064 379 1198 421; x_wconf 80' lang='lat' dir='ltr'>milite</span> <span class='ocrx_word' id='word_1_23' title='bbox 1217 379 1377 421; x_wconf 83' lang='lat' dir='ltr'>mixtus</span> <span class='ocrx_word' id='word_1_24' title='bbox 1395 394 1405 430; x_wconf 91' lang='lat'>;</span> 
     </span>
     <span class='ocr_line' id='line_1_5' title="bbox 378 454 1381 509; baseline -0.001 -13"><span class='ocrx_word' id='word_1_25' title='bbox 378 454 445 496; x_wconf 87' lang='lat' dir='ltr'>hio</span> <span class='ocrx_word' id='word_1_26' title='bbox 466 455 652 496; x_wconf 86' lang='lat' dir='ltr'>stadium</span> <span class='ocrx_word' id='word_1_27' title='bbox 672 454 867 496; x_wconf 80' lang='lat' dir='ltr'>fraudare</span> <span class='ocrx_word' id='word_1_28' title='bbox 886 455 969 496; x_wconf 89' lang='lat' dir='ltr'>fide</span> <span class='ocrx_word' id='word_1_29' title='bbox 988 454 1229 509; x_wconf 85' lang='lat' dir='ltr'>poteritque</span> <span class='ocrx_word' id='word_1_30' title='bbox 1247 454 1381 495; x_wconf 88' lang='lat' dir='ltr'>uideri</span> 
     </span>
     <span class='ocr_line' id='line_1_6' title="bbox 377 528 1352 584; baseline -0.001 -14"><span class='ocrx_word' id='word_1_31' title='bbox 377 529 582 570; x_wconf 87' lang='lat' dir='ltr'>mentitus</span> <span class='ocrx_word' id='word_1_32' title='bbox 602 543 750 584; x_wconf 89' lang='lat' dir='ltr'>passus</span> <span class='ocrx_word' id='word_1_33' title='bbox 770 533 813 570; x_wconf 89' lang='lat' dir='ltr'>et</span> <span class='ocrx_word' id='word_1_34' title='bbox 832 543 1032 584; x_wconf 88' lang='lat' dir='ltr'>campum</span> <span class='ocrx_word' id='word_1_35' title='bbox 1050 528 1196 570; x_wconf 89' lang='lat' dir='ltr'>tollere</span> <span class='ocrx_word' id='word_1_36' title='bbox 1215 542 1352 570; x_wconf 89' lang='lat' dir='ltr'>cursu.</span> 
     </span>
    </p>

    <p class='ocr_par' dir='ltr' id='par_1_3' title="bbox 256 602 1412 658">
     <span class='ocr_line' id='line_1_7' title="bbox 256 602 1412 658; baseline 0.002 -16"><span class='ocrx_word' id='word_1_37' title='bbox 256 611 324 642; x_wconf 88' lang='grc'>640</span> <span class='ocrx_word' id='word_1_38' title='bbox 379 618 479 645; x_wconf 87' lang='lat' dir='ltr'>nam</span> <span class='ocrx_word' id='word_1_39' title='bbox 499 604 592 658; x_wconf 79' lang='lat' dir='ltr'>quis</span> <span class='ocrx_word' id='word_1_40' title='bbox 612 604 666 645; x_wconf 90' lang='lat' dir='ltr'>ab</span> <span class='ocrx_word' id='word_1_41' title='bbox 687 608 876 645; x_wconf 81' lang='lat' dir='ltr'>extremo</span> <span class='ocrx_word' id='word_1_42' title='bbox 896 603 1020 645; x_wconf 88' lang='lat' dir='ltr'>citius</span> <span class='ocrx_word' id='word_1_43' title='bbox 1039 602 1292 645; x_wconf 86' lang='lat' dir='ltr'>reuolauerit</span> <span class='ocrx_word' id='word_1_44' title='bbox 1311 602 1412 644; x_wconf 87' lang='lat' dir='ltr'>orbe</span> 
     </span>
    </p>
   </div>
   <div class='ocr_carea' id='block_1_3' title="bbox 216 770 1760 2100">
    <p class='ocr_par' dir='ltr' id='par_1_4' title="bbox 216 770 1756 1173">
     <span class='ocr_line' id='line_1_8' title="bbox 216 770 1754 814; baseline -0.002 -9"><span class='ocrx_word' id='word_1_45' title='bbox 216 773 329 805; x_wconf 80' lang='lat' dir='ltr'>dextra</span> <span class='ocrx_word' id='word_1_46' title='bbox 353 773 391 804; x_wconf 86' lang='lat' dir='ltr'>de</span> <span class='ocrx_word' id='word_1_47' title='bbox 411 777 517 814; x_wconf 80' lang='lat' dir='ltr'>parte,</span> <span class='ocrx_word' id='word_1_48' title='bbox 541 772 626 804; x_wconf 81' lang='lat' dir='ltr'>caeli</span> <span class='ocrx_word' id='word_1_49' title='bbox 648 773 686 805; x_wconf 87' lang='lat' dir='ltr'>de</span> <span class='ocrx_word' id='word_1_50' title='bbox 707 771 872 813; x_wconf 80' lang='lat' dir='ltr'>partibus,</span> <span class='ocrx_word' id='word_1_51' title='bbox 896 771 991 804; x_wconf 83' lang='lat' dir='ltr'>uenti</span> <span class='ocrx_word' id='word_1_52' title='bbox 1013 772 1051 804; x_wconf 86' lang='lat' dir='ltr'>de</span> <span class='ocrx_word' id='word_1_53' title='bbox 1074 771 1220 809; x_wconf 87' lang='lat' dir='ltr'>nomine,</span> <span class='ocrx_word' id='word_1_54' title='bbox 1243 775 1330 804; x_wconf 84' lang='lat' dir='ltr'>certa</span> <span class='ocrx_word' id='word_1_55' title='bbox 1352 781 1428 804; x_wconf 84' lang='lat' dir='ltr'>cum</span> <span class='ocrx_word' id='word_1_56' title='bbox 1451 771 1528 812; x_wconf 75' lang='lat' dir='ltr'>leqe,</span> <span class='ocrx_word' id='word_1_57' title='bbox 1552 770 1654 803; x_wconf 72' lang='lat' dir='ltr'>mixto</span> <span class='ocrx_word' id='word_1_58' title='bbox 1677 780 1754 803; x_wconf 84' lang='lat' dir='ltr'>cum</span> 
     </span>
     <span class='ocr_line' id='line_1_9' title="bbox 216 823 1754 866; baseline -0.001 -11"><span class='ocrx_word' id='word_1_59' title='bbox 216 825 367 862; x_wconf 73' lang='lat' dir='ltr'>crimine,</span> <span class='ocrx_word' id='word_1_60' title='bbox 395 835 537 856; x_wconf 80' lang='lat' dir='ltr'>curuum</span> <span class='ocrx_word' id='word_1_61' title='bbox 562 835 623 865; x_wconf 79' lang='lat' dir='ltr'>per</span> <span class='ocrx_word' id='word_1_62' title='bbox 650 824 740 862; x_wconf 75' lang='lat' dir='ltr'>litu-s,</span> <span class='ocrx_word' id='word_1_63' title='bbox 770 824 918 856; x_wconf 87' lang='lat' dir='ltr'>alterum</span> <span class='ocrx_word' id='word_1_64' title='bbox 947 824 1195 856; x_wconf 86' lang='lat' dir='ltr'>tantummodo</span> <span class='ocrx_word' id='word_1_65' title='bbox 1229 823 1365 856; x_wconf 88' lang='lat' dir='ltr'>duobus</span> <span class='ocrx_word' id='word_1_66' title='bbox 1392 826 1571 866; x_wconf 86' lang='lat' dir='ltr'>praeterea</span> <span class='ocrx_word' id='word_1_67' title='bbox 1598 823 1754 855; x_wconf 86' lang='lat' dir='ltr'>uersibus</span> 
     </span>
     <span class='ocr_line' id='line_1_10' title="bbox 217 874 1755 917; baseline -0.002 -9"><span class='ocrx_word' id='word_1_68' title='bbox 217 878 314 917; x_wconf 90' lang='lat' dir='ltr'>(nam</span> <span class='ocrx_word' id='word_1_69' title='bbox 335 886 348 908; x_wconf 91' lang='lat'>1</span> <span class='ocrx_word' id='word_1_70' title='bbox 369 878 430 908; x_wconf 87' lang='lat'>591</span> <span class='ocrx_word' id='word_1_71' title='bbox 454 880 489 908; x_wconf 83' lang='lat' dir='ltr'>et</span> <span class='ocrx_word' id='word_1_72' title='bbox 509 885 538 907; x_wconf 92' lang='lat'>11</span> <span class='ocrx_word' id='word_1_73' title='bbox 558 877 634 913; x_wconf 84' lang='lat'>353,</span> <span class='ocrx_word' id='word_1_74' title='bbox 656 877 716 917; x_wconf 87' lang='lat' dir='ltr'>qui</span> <span class='ocrx_word' id='word_1_75' title='bbox 736 876 866 917; x_wconf 90' lang='lat' dir='ltr'>proprii</span> <span class='ocrx_word' id='word_1_76' title='bbox 886 875 1018 916; x_wconf 88' lang='lat' dir='ltr'>aliquid</span> <span class='ocrx_word' id='word_1_77' title='bbox 1038 875 1181 913; x_wconf 88' lang='lat' dir='ltr'>habent,</span> <span class='ocrx_word' id='word_1_78' title='bbox 1202 877 1346 917; x_wconf 79' lang='lat' dir='ltr'>sepono)</span> <span class='ocrx_word' id='word_1_79' title='bbox 1368 884 1381 906; x_wconf 94' lang='lat'>1</span> <span class='ocrx_word' id='word_1_80' title='bbox 1402 876 1466 906; x_wconf 85' lang='lat'>624</span> <span class='ocrx_word' id='word_1_81' title='bbox 1484 885 1545 915; x_wconf 77' lang='lat' dir='ltr'>per</span> <span class='ocrx_word' id='word_1_82' title='bbox 1563 874 1638 915; x_wconf 73' lang='lat' dir='ltr'>qyri</span> <span class='ocrx_word' id='word_1_83' title='bbox 1656 874 1755 914; x_wconf 73' lang='lat' dir='ltr'>siyna</span> 
     </span>
     <span class='ocr_line' id='line_1_11' title="bbox 216 926 1755 968; baseline -0.001 -9"><span class='ocrx_word' id='word_1_84' title='bbox 216 931 253 959; x_wconf 87' lang='lat' dir='ltr'>et</span> <span class='ocrx_word' id='word_1_85' title='bbox 280 937 309 959; x_wconf 89' lang='lat'>11</span> <span class='ocrx_word' id='word_1_86' title='bbox 338 929 399 959; x_wconf 88' lang='lat'>195</span> <span class='ocrx_word' id='word_1_87' title='bbox 425 938 501 959; x_wconf 80' lang='lat' dir='ltr'>cum</span> <span class='ocrx_word' id='word_1_88' title='bbox 528 927 642 959; x_wconf 80' lang='lat' dir='ltr'>uernis</span> <span class='ocrx_word' id='word_1_89' title='bbox 668 926 808 958; x_wconf 76' lang='lat' dir='ltr'>roribus.</span> <span class='ocrx_word' id='word_1_90' title='bbox 856 937 946 968; x_wconf 89' lang='lat' dir='ltr'>quae</span> <span class='ocrx_word' id='word_1_91' title='bbox 972 927 1041 958; x_wconf 87' lang='lat' dir='ltr'>tria</span> <span class='ocrx_word' id='word_1_92' title='bbox 1066 926 1237 968; x_wconf 82' lang='lat' dir='ltr'>exempla,</span> <span class='ocrx_word' id='word_1_93' title='bbox 1265 927 1294 958; x_wconf 88' lang='lat' dir='ltr'>si</span> <span class='ocrx_word' id='word_1_94' title='bbox 1319 927 1517 968; x_wconf 81' lang='lat' dir='ltr'>ingeniosus</span> <span class='ocrx_word' id='word_1_95' title='bbox 1542 936 1663 963; x_wconf 90' lang='lat' dir='ltr'>essem,</span> <span class='ocrx_word' id='word_1_96' title='bbox 1691 928 1755 958; x_wconf 86' lang='lat' dir='ltr'>aut</span> 
     </span>
     <span class='ocr_line' id='line_1_12' title="bbox 218 977 1755 1020; baseline -0.001 -10"><span class='ocrx_word' id='word_1_97' title='bbox 218 979 440 1020; x_wconf 77' lang='lat' dir='ltr'>transpositis</span> <span class='ocrx_word' id='word_1_98' title='bbox 454 979 569 1010; x_wconf 90' lang='lat' dir='ltr'>uerbis</span> <span class='ocrx_word' id='word_1_99' title='bbox 584 979 805 1010; x_wconf 82' lang='lat' dir='ltr'>emendarem</span> <span class='ocrx_word' id='word_1_100' title='bbox 819 978 1052 1019; x_wconf 90' lang='lat' dir='ltr'>adderemque</span> <span class='ocrx_word' id='word_1_101' title='bbox 1069 978 1076 990; x_wconf 76' lang='lat'><em>⁴</em></span> <span class='ocrx_word' id='word_1_102' title='bbox 1087 988 1153 1009; x_wconf 92' lang='lat' dir='ltr'>nur</span> <span class='ocrx_word' id='word_1_103' title='bbox 1167 988 1205 1010; x_wconf 90' lang='lat' dir='ltr'>so</span> <span class='ocrx_word' id='word_1_104' title='bbox 1220 977 1352 1010; x_wconf 87' lang='lat' dir='ltr'>konnte</span> <span class='ocrx_word' id='word_1_105' title='bbox 1366 977 1530 1009; x_wconf 80' lang='lat' dir='ltr'>Manilius</span> <span class='ocrx_word' id='word_1_106' title='bbox 1544 977 1722 1009; x_wconf 87' lang='lat' dir='ltr'>schreiben</span> <span class='ocrx_word' id='word_1_107' title='bbox 1733 977 1755 1015; x_wconf 94' lang='lat'>’‚</span> 
     </span>
     <span class='ocr_line' id='line_1_13' title="bbox 219 1029 1755 1071; baseline -0.001 -9"><span class='ocrx_word' id='word_1_108' title='bbox 219 1034 281 1062; x_wconf 88' lang='lat' dir='ltr'>aut</span> <span class='ocrx_word' id='word_1_109' title='bbox 305 1031 443 1062; x_wconf 87' lang='lat' dir='ltr'>nauiter</span> <span class='ocrx_word' id='word_1_110' title='bbox 468 1033 587 1061; x_wconf 78' lang='lat' dir='ltr'>extare</span> <span class='ocrx_word' id='word_1_111' title='bbox 611 1040 784 1071; x_wconf 82' lang='lat' dir='ltr'>negarem,</span> <span class='ocrx_word' id='word_1_112' title='bbox 811 1032 874 1061; x_wconf 89' lang='lat' dir='ltr'>aut</span> <span class='ocrx_word' id='word_1_113' title='bbox 898 1039 1021 1062; x_wconf 82' lang='lat' dir='ltr'><strong>causas</strong></span> <span class='ocrx_word' id='word_1_114' title='bbox 1044 1029 1208 1071; x_wconf 86' lang='lat' dir='ltr'>fingerem</span> <span class='ocrx_word' id='word_1_115' title='bbox 1233 1040 1254 1060; x_wconf 87' lang='lat' dir='ltr'>a</span> <span class='ocrx_word' id='word_1_116' title='bbox 1278 1029 1386 1062; x_wconf 89' lang='lat' dir='ltr'>libero</span> <span class='ocrx_word' id='word_1_117' title='bbox 1411 1029 1555 1061; x_wconf 85' lang='lat' dir='ltr'>arbitrio</span> <span class='ocrx_word' id='word_1_118' title='bbox 1579 1031 1755 1065; x_wconf 82' lang='lat' dir='ltr'>remotas3</span> 
     </span>
     <span class='ocr_line' id='line_1_14' title="bbox 217 1079 1756 1120; baseline -0.001 -7"><span class='ocrx_word' id='word_1_119' title='bbox 217 1093 280 1114; x_wconf 90' lang='lat' dir='ltr'>nec</span> <span class='ocrx_word' id='word_1_120' title='bbox 298 1085 428 1119; x_wconf 87' lang='lat' dir='ltr'>tamen,</span> <span class='ocrx_word' id='word_1_121' title='bbox 445 1082 512 1114; x_wconf 90' lang='lat' dir='ltr'>nisi</span> <span class='ocrx_word' id='word_1_122' title='bbox 528 1082 635 1113; x_wconf 88' lang='lat' dir='ltr'>etiam</span> <span class='ocrx_word' id='word_1_123' title='bbox 653 1081 845 1113; x_wconf 86' lang='lat' dir='ltr'>Germanus</span> <span class='ocrx_word' id='word_1_124' title='bbox 862 1091 983 1118; x_wconf 90' lang='lat' dir='ltr'>essem,</span> <span class='ocrx_word' id='word_1_125' title='bbox 998 1080 1170 1113; x_wconf 89' lang='lat' dir='ltr'>laudarer.</span> <span class='ocrx_word' id='word_1_126' title='bbox 1217 1091 1310 1113; x_wconf 92' lang='lat' dir='ltr'>nunc</span> <span class='ocrx_word' id='word_1_127' title='bbox 1325 1081 1362 1113; x_wconf 88' lang='lat' dir='ltr'>in</span> <span class='ocrx_word' id='word_1_128' title='bbox 1378 1081 1443 1118; x_wconf 88' lang='lat' dir='ltr'>his,</span> <span class='ocrx_word' id='word_1_129' title='bbox 1461 1081 1526 1113; x_wconf 88' lang='grc'>396</span> <span class='ocrx_word' id='word_1_130' title='bbox 1543 1079 1604 1112; x_wconf 82' lang='lat' dir='ltr'>tali</span> <span class='ocrx_word' id='word_1_131' title='bbox 1618 1079 1756 1120; x_wconf 73' lang='lat' dir='ltr'>capiens</span> 
     </span>
     <span class='ocr_line' id='line_1_15' title="bbox 217 1132 1710 1173; baseline -0.001 -8"><span class='ocrx_word' id='word_1_132' title='bbox 217 1134 277 1165; x_wconf 79' lang='lat' dir='ltr'>sub</span> <span class='ocrx_word' id='word_1_133' title='bbox 291 1138 444 1173; x_wconf 84' lang='lat' dir='ltr'>tempore,</span> <span class='ocrx_word' id='word_1_134' title='bbox 459 1134 522 1165; x_wconf 87' lang='grc'>634</span> <span class='ocrx_word' id='word_1_135' title='bbox 534 1133 594 1165; x_wconf 76' lang='lat' dir='ltr'>sub</span> <span class='ocrx_word' id='word_1_136' title='bbox 608 1133 669 1164; x_wconf 80' lang='lat' dir='ltr'>tali</span> <span class='ocrx_word' id='word_1_137' title='bbox 681 1137 833 1172; x_wconf 83' lang='lat' dir='ltr'>tempore,</span> <span class='ocrx_word' id='word_1_138' title='bbox 846 1133 909 1164; x_wconf 89' lang='lat'>699</span> <span class='ocrx_word' id='word_1_139' title='bbox 920 1132 982 1164; x_wconf 83' lang='lat' dir='ltr'>tali</span> <span class='ocrx_word' id='word_1_140' title='bbox 990 1133 1049 1164; x_wconf 77' lang='lat' dir='ltr'>sub</span> <span class='ocrx_word' id='word_1_141' title='bbox 1060 1136 1213 1172; x_wconf 80' lang='lat' dir='ltr'>tempore,</span> <span class='ocrx_word' id='word_1_142' title='bbox 1226 1132 1387 1164; x_wconf 84' lang='lat' dir='ltr'>uariandi</span> <span class='ocrx_word' id='word_1_143' title='bbox 1396 1132 1551 1164; x_wconf 81' lang='lat' dir='ltr'>studium</span> <span class='ocrx_word' id='word_1_144' title='bbox 1561 1142 1710 1173; x_wconf 85' lang='lat' dir='ltr'>agnosco</span> 
     </span>
    </p>

    <p class='ocr_par' dir='ltr' id='par_1_5' title="bbox 218 1183 1760 2100">
     <span class='ocr_line' id='line_1_16' title="bbox 309 1183 1756 1225; baseline -0.003 -6"><span class='ocrx_word' id='word_1_145' title='bbox 309 1188 372 1219; x_wconf 87' lang='grc'>635</span> <span class='ocrx_word' id='word_1_146' title='bbox 387 1194 488 1217; x_wconf 89' lang='lat' dir='ltr'>omne</span> <span class='ocrx_word' id='word_1_147' title='bbox 502 1185 593 1217; x_wconf 87' lang='lat' dir='ltr'>Flor.</span> <span class='ocrx_word' id='word_1_148' title='bbox 609 1187 646 1216; x_wconf 87' lang='lat' dir='ltr'>et</span> <span class='ocrx_word' id='word_1_149' title='bbox 660 1184 773 1222; x_wconf 89' lang='lat' dir='ltr'>Bodl.‚</span> <span class='ocrx_word' id='word_1_150' title='bbox 789 1193 885 1216; x_wconf 89' lang='lat' dir='ltr'>come</span> <span class='ocrx_word' id='word_1_151' title='bbox 900 1183 1003 1223; x_wconf 83' lang='lat' dir='ltr'>GLM,</span> <span class='ocrx_word' id='word_1_152' title='bbox 1018 1193 1116 1216; x_wconf 86' lang='lat' dir='ltr'>roma</span> <span class='ocrx_word' id='word_1_153' title='bbox 1130 1184 1204 1216; x_wconf 89' lang='lat' dir='ltr'>cod.</span> <span class='ocrx_word' id='word_1_154' title='bbox 1221 1185 1376 1216; x_wconf 89' lang='lat' dir='ltr'>Venetus</span> <span class='ocrx_word' id='word_1_155' title='bbox 1390 1196 1398 1216; x_wconf 69' lang='grc' dir='ltr'>ε</span> <span class='ocrx_word' id='word_1_156' title='bbox 1425 1184 1573 1216; x_wconf 82' lang='lat' dir='ltr'>fortasse</span> <span class='ocrx_word' id='word_1_157' title='bbox 1586 1183 1756 1225; x_wconf 87' lang='lat' dir='ltr'>scriptum</span> 
     </span>
     <span class='ocr_line' id='line_1_17' title="bbox 218 1233 1757 1278; baseline -0.001 -10"><span class='ocrx_word' id='word_1_158' title='bbox 218 1239 295 1268; x_wconf 84' lang='lat' dir='ltr'>erat</span> <span class='ocrx_word' id='word_1_159' title='bbox 311 1238 392 1268; x_wconf 65' lang='lat' dir='ltr'>ome.</span> <span class='ocrx_word' id='word_1_160' title='bbox 441 1236 620 1268; x_wconf 86' lang='lat' dir='ltr'>Bentleius</span> <span class='ocrx_word' id='word_1_161' title='bbox 638 1236 774 1267; x_wconf 82' lang='lat' dir='ltr'>confert</span> <span class='ocrx_word' id='word_1_162' title='bbox 791 1235 911 1268; x_wconf 88' lang='lat' dir='ltr'>Claud.</span> <span class='ocrx_word' id='word_1_163' title='bbox 932 1236 1031 1267; x_wconf 82' lang='lat' dir='ltr'>Eutr.</span> <span class='ocrx_word' id='word_1_164' title='bbox 1052 1244 1066 1267; x_wconf 96' lang='lat'>1</span> <span class='ocrx_word' id='word_1_165' title='bbox 1083 1236 1147 1267; x_wconf 89' lang='lat'>367</span> <span class='ocrx_word' id='word_1_166' title='bbox 1165 1245 1215 1277; x_wconf 88' lang='lat' dir='ltr'>sq.</span> <span class='ocrx_word' id='word_1_167' title='bbox 1234 1234 1451 1267; x_wconf 86' lang='lat' dir='ltr'>communiter</span> <span class='ocrx_word' id='word_1_168' title='bbox 1467 1234 1561 1267; x_wconf 85' lang='lat' dir='ltr'>omni</span> <span class='ocrx_word' id='word_1_169' title='bbox 1581 1233 1585 1278; x_wconf 90' lang='grc' dir='ltr'>Ι</span> <span class='ocrx_word' id='word_1_170' title='bbox 1599 1234 1757 1276; x_wconf 74' lang='lat' dir='ltr'>funqitur</span> 
     </span>
     <span class='ocr_line' id='line_1_18' title="bbox 219 1285 1757 1330; baseline -0.001 -11"><span class='ocrx_word' id='word_1_171' title='bbox 219 1287 347 1330; x_wconf 83' lang='lat' dir='ltr'>offici03</span> <span class='ocrx_word' id='word_1_172' title='bbox 382 1288 472 1320; x_wconf 90' lang='lat' dir='ltr'>adde</span> <span class='ocrx_word' id='word_1_173' title='bbox 497 1288 600 1320; x_wconf 91' lang='lat' dir='ltr'>Mart.</span> <span class='ocrx_word' id='word_1_174' title='bbox 624 1296 637 1318; x_wconf 92' lang='lat'>1</span> <span class='ocrx_word' id='word_1_175' title='bbox 658 1288 699 1319; x_wconf 90' lang='lat'>90</span> <span class='ocrx_word' id='word_1_176' title='bbox 722 1288 741 1319; x_wconf 91' lang='grc'><strong>3</strong></span> <span class='ocrx_word' id='word_1_177' title='bbox 762 1297 858 1318; x_wconf 86' lang='lat' dir='ltr'>omne</span> <span class='ocrx_word' id='word_1_178' title='bbox 875 1311 882 1318; x_wconf 90' lang='lat'>.</span> <span class='ocrx_word' id='word_1_179' title='bbox 902 1311 909 1319; x_wconf 90' lang='lat'>.</span> <span class='ocrx_word' id='word_1_180' title='bbox 929 1311 936 1318; x_wconf 93' lang='lat'>.</span> <span class='ocrx_word' id='word_1_181' title='bbox 955 1287 1100 1329; x_wconf 82' lang='lat' dir='ltr'>officium</span> <span class='ocrx_word' id='word_1_182' title='bbox 1117 1311 1124 1318; x_wconf 94' lang='lat'>.</span> <span class='ocrx_word' id='word_1_183' title='bbox 1144 1311 1151 1318; x_wconf 93' lang='lat'>.</span> <span class='ocrx_word' id='word_1_184' title='bbox 1171 1310 1178 1318; x_wconf 89' lang='lat'>.</span> <span class='ocrx_word' id='word_1_185' title='bbox 1197 1286 1315 1324; x_wconf 84' lang='lat' dir='ltr'>obibat,</span> <span class='ocrx_word' id='word_1_186' title='bbox 1337 1287 1431 1319; x_wconf 87' lang='lat' dir='ltr'>Man.</span> <span class='ocrx_word' id='word_1_187' title='bbox 1453 1295 1477 1318; x_wconf 88' lang='lat' dir='ltr'>v</span> <span class='ocrx_word' id='word_1_188' title='bbox 1499 1287 1539 1318; x_wconf 88' lang='grc'>62</span> <span class='ocrx_word' id='word_1_189' title='bbox 1563 1296 1614 1328; x_wconf 87' lang='lat' dir='ltr'>sq.</span> <span class='ocrx_word' id='word_1_190' title='bbox 1636 1285 1757 1326; x_wconf 76' lang='lat' dir='ltr'>aqilem</span> 
     </span>
     <span class='ocr_line' id='line_1_19' title="bbox 218 1337 1758 1381; baseline -0.001 -11"><span class='ocrx_word' id='word_1_191' title='bbox 218 1339 324 1381; x_wconf 85' lang='lat' dir='ltr'>officio</span> <span class='ocrx_word' id='word_1_192' title='bbox 345 1343 484 1370; x_wconf 78' lang='lat' dir='ltr'>mentem</span> <span class='ocrx_word' id='word_1_193' title='bbox 504 1348 664 1380; x_wconf 77' lang='lat' dir='ltr'>curasque</span> <span class='ocrx_word' id='word_1_194' title='bbox 683 1348 744 1378; x_wconf 79' lang='lat' dir='ltr'>per</span> <span class='ocrx_word' id='word_1_195' title='bbox 764 1337 875 1370; x_wconf 78' lang='lat' dir='ltr'>omnis</span> <span class='ocrx_word' id='word_1_196' title='bbox 896 1337 900 1381; x_wconf 85' lang='grc' dir='ltr'>Ι</span> <span class='ocrx_word' id='word_1_197' title='bbox 921 1337 1122 1370; x_wconf 72' lang='lat' dir='ltr'>indelassato</span> <span class='ocrx_word' id='word_1_198' title='bbox 1141 1337 1361 1378; x_wconf 79' lang='lat' dir='ltr'>properantia</span> <span class='ocrx_word' id='word_1_199' title='bbox 1380 1337 1478 1370; x_wconf 87' lang='lat' dir='ltr'>corda</span> <span class='ocrx_word' id='word_1_200' title='bbox 1499 1338 1622 1378; x_wconf 74' lang='lat' dir='ltr'>uiqore.</span> <span class='ocrx_word' id='word_1_201' title='bbox 1668 1346 1758 1369; x_wconf 85' lang='lat' dir='ltr'>come</span> 
     </span>
     <span class='ocr_line' id='line_1_20' title="bbox 219 1389 1759 1432; baseline -0.001 -10"><span class='ocrx_word' id='word_1_202' title='bbox 219 1394 255 1423; x_wconf 89' lang='lat' dir='ltr'>et</span> <span class='ocrx_word' id='word_1_203' title='bbox 270 1390 454 1431; x_wconf 72' lang='lat' dir='ltr'>uiyilantia</span> <span class='ocrx_word' id='word_1_204' title='bbox 465 1391 614 1422; x_wconf 76' lang='lat' dir='ltr'>forsitan</span> <span class='ocrx_word' id='word_1_205' title='bbox 626 1390 739 1432; x_wconf 91' lang='lat' dir='ltr'>primo</span> <span class='ocrx_word' id='word_1_206' title='bbox 755 1393 900 1431; x_wconf 88' lang='lat' dir='ltr'>aspectu</span> <span class='ocrx_word' id='word_1_207' title='bbox 916 1400 952 1422; x_wconf 90' lang='lat' dir='ltr'>se</span> <span class='ocrx_word' id='word_1_208' title='bbox 968 1393 1092 1422; x_wconf 90' lang='lat' dir='ltr'>mutuo</span> <span class='ocrx_word' id='word_1_209' title='bbox 1108 1390 1200 1422; x_wconf 86' lang='lat' dir='ltr'>tueri</span> <span class='ocrx_word' id='word_1_210' title='bbox 1214 1390 1335 1422; x_wconf 89' lang='lat' dir='ltr'>credat</span> <span class='ocrx_word' id='word_1_211' title='bbox 1350 1389 1476 1431; x_wconf 86' lang='lat' dir='ltr'>aliquis</span> <span class='ocrx_word' id='word_1_212' title='bbox 1490 1389 1759 1431; x_wconf 79' lang='lat' dir='ltr'>significarique,</span> 
     </span>
     <span class='ocr_line' id='line_1_21' title="bbox 218 1440 1758 1483; baseline -0.001 -10"><span class='ocrx_word' id='word_1_213' title='bbox 218 1453 309 1483; x_wconf 88' lang='lat' dir='ltr'>quae</span> <span class='ocrx_word' id='word_1_214' title='bbox 335 1442 399 1473; x_wconf 89' lang='lat' dir='ltr'>sub</span> <span class='ocrx_word' id='word_1_215' title='bbox 428 1442 553 1474; x_wconf 83' lang='lat' dir='ltr'>Orione</span> <span class='ocrx_word' id='word_1_216' title='bbox 581 1443 667 1473; x_wconf 55' lang='lat'>6145</span> <span class='ocrx_word' id='word_1_217' title='bbox 694 1452 773 1473; x_wconf 89' lang='lat' dir='ltr'>cum</span> <span class='ocrx_word' id='word_1_218' title='bbox 800 1441 997 1473; x_wconf 83' lang='lat' dir='ltr'>uelocitatis</span> <span class='ocrx_word' id='word_1_219' title='bbox 1021 1441 1125 1473; x_wconf 90' lang='lat' dir='ltr'>laude</span> <span class='ocrx_word' id='word_1_220' title='bbox 1151 1442 1338 1474; x_wconf 87' lang='lat' dir='ltr'>coniuncta</span> <span class='ocrx_word' id='word_1_221' title='bbox 1363 1444 1457 1479; x_wconf 83' lang='lat' dir='ltr'>sunt,</span> <span class='ocrx_word' id='word_1_222' title='bbox 1484 1440 1620 1473; x_wconf 84' lang='lat' dir='ltr'>urbana</span> <span class='ocrx_word' id='word_1_223' title='bbox 1645 1440 1758 1473; x_wconf 86' lang='lat' dir='ltr'>officia</span> 
     </span>
     <span class='ocr_line' id='line_1_22' title="bbox 218 1492 1756 1535; baseline -0.001 -10"><span class='ocrx_word' id='word_1_224' title='bbox 218 1494 463 1531; x_wconf 84' lang='lat' dir='ltr'>salutatorum,</span> <span class='ocrx_word' id='word_1_225' title='bbox 495 1493 622 1534; x_wconf 88' lang='lat' dir='ltr'>quibus</span> <span class='ocrx_word' id='word_1_226' title='bbox 650 1503 753 1535; x_wconf 84' lang='lat' dir='ltr'>saepe</span> <span class='ocrx_word' id='word_1_227' title='bbox 783 1496 867 1524; x_wconf 86' lang='lat' dir='ltr'>ante</span> <span class='ocrx_word' id='word_1_228' title='bbox 896 1492 1010 1525; x_wconf 91' lang='lat' dir='ltr'>lucem</span> <span class='ocrx_word' id='word_1_229' title='bbox 1040 1492 1278 1534; x_wconf 87' lang='lat' dir='ltr'>euigilandum</span> <span class='ocrx_word' id='word_1_230' title='bbox 1307 1493 1414 1525; x_wconf 85' lang='lat' dir='ltr'>fuisse</span> <span class='ocrx_word' id='word_1_231' title='bbox 1446 1493 1573 1525; x_wconf 89' lang='lat' dir='ltr'>scimus</span> <span class='ocrx_word' id='word_1_232' title='bbox 1603 1503 1646 1524; x_wconf 82' lang='lat' dir='ltr'>ex</span> <span class='ocrx_word' id='word_1_233' title='bbox 1678 1492 1756 1524; x_wconf 90' lang='lat' dir='ltr'>qu.</span> 
     </span>
     <span class='ocr_line' id='line_1_23' title="bbox 220 1544 1758 1586; baseline -0.001 -10"><span class='ocrx_word' id='word_1_234' title='bbox 220 1554 263 1577; x_wconf 86' lang='lat'>111</span> <span class='ocrx_word' id='word_1_235' title='bbox 282 1546 400 1581; x_wconf 86' lang='lat'>126-9‚</span> <span class='ocrx_word' id='word_1_236' title='bbox 418 1554 440 1575; x_wconf 90' lang='lat' dir='ltr'>v</span> <span class='ocrx_word' id='word_1_237' title='bbox 459 1545 577 1581; x_wconf 87' lang='grc'>19-23,</span> <span class='ocrx_word' id='word_1_238' title='bbox 595 1544 697 1576; x_wconf 89' lang='lat' dir='ltr'>Mart.</span> <span class='ocrx_word' id='word_1_239' title='bbox 716 1553 772 1575; x_wconf 83' lang='lat' dir='ltr'>XII</span> <span class='ocrx_word' id='word_1_240' title='bbox 789 1545 830 1576; x_wconf 91' lang='lat'>68</span> <span class='ocrx_word' id='word_1_241' title='bbox 845 1556 853 1582; x_wconf 88' lang='lat'>;</span> <span class='ocrx_word' id='word_1_242' title='bbox 883 1544 985 1586; x_wconf 84' lang='lat' dir='ltr'>officii</span> <span class='ocrx_word' id='word_1_243' title='bbox 1000 1547 1119 1576; x_wconf 88' lang='lat' dir='ltr'>autem</span> <span class='ocrx_word' id='word_1_244' title='bbox 1134 1544 1319 1576; x_wconf 85' lang='lat' dir='ltr'>comitatem</span> <span class='ocrx_word' id='word_1_245' title='bbox 1335 1546 1585 1576; x_wconf 74' lang='lat' dir='ltr'>commemorat</span> <span class='ocrx_word' id='word_1_246' title='bbox 1601 1544 1758 1575; x_wconf 89' lang='lat' dir='ltr'>Iustinus</span> 
     </span>
     <span class='ocr_line' id='line_1_24' title="bbox 219 1594 1759 1638; baseline -0.001 -10"><span class='ocrx_word' id='word_1_247' title='bbox 219 1605 241 1628; x_wconf 92' lang='lat' dir='ltr'>v</span> <span class='ocrx_word' id='word_1_248' title='bbox 262 1597 281 1627; x_wconf 84' lang='lat'><strong>2</strong></span> <span class='ocrx_word' id='word_1_249' title='bbox 303 1598 322 1628; x_wconf 92' lang='grc'>5</span> <span class='ocrx_word' id='word_1_250' title='bbox 343 1599 378 1627; x_wconf 85' lang='lat' dir='ltr'>et</span> <span class='ocrx_word' id='word_1_251' title='bbox 398 1596 443 1628; x_wconf 89' lang='lat' dir='ltr'>ad</span> <span class='ocrx_word' id='word_1_252' title='bbox 458 1596 560 1627; x_wconf 76' lang='lat' dir='ltr'>comis</span> <span class='ocrx_word' id='word_1_253' title='bbox 577 1596 792 1637; x_wconf 87' lang='lat' dir='ltr'>adscriptum</span> <span class='ocrx_word' id='word_1_254' title='bbox 807 1599 862 1627; x_wconf 89' lang='lat' dir='ltr'>est</span> <span class='ocrx_word' id='word_1_255' title='bbox 877 1596 1041 1638; x_wconf 78' lang='lat' dir='ltr'>officiosus</span> <span class='ocrx_word' id='word_1_256' title='bbox 1056 1595 1230 1637; x_wconf 80' lang='lat' dir='ltr'>glossema</span> <span class='ocrx_word' id='word_1_257' title='bbox 1249 1596 1317 1628; x_wconf 86' lang='lat' dir='ltr'>Cic.</span> <span class='ocrx_word' id='word_1_258' title='bbox 1337 1597 1409 1627; x_wconf 89' lang='lat' dir='ltr'>inu.</span> <span class='ocrx_word' id='word_1_259' title='bbox 1428 1604 1442 1627; x_wconf 94' lang='lat'>1</span> <span class='ocrx_word' id='word_1_260' title='bbox 1457 1596 1510 1628; x_wconf 88' lang='grc'>35.</span> <span class='ocrx_word' id='word_1_261' title='bbox 1557 1595 1619 1627; x_wconf 89' lang='lat' dir='ltr'>sed</span> <span class='ocrx_word' id='word_1_262' title='bbox 1638 1594 1759 1627; x_wconf 78' lang='lat' dir='ltr'>obstat</span> 
     </span>
     <span class='ocr_line' id='line_1_25' title="bbox 219 1647 1758 1689; baseline 0 -11"><span class='ocrx_word' id='word_1_263' title='bbox 219 1658 310 1689; x_wconf 89' lang='lat' dir='ltr'>quae</span> <span class='ocrx_word' id='word_1_264' title='bbox 339 1648 496 1689; x_wconf 90' lang='lat' dir='ltr'>sequitur</span> <span class='ocrx_word' id='word_1_265' title='bbox 525 1648 669 1688; x_wconf 87' lang='lat' dir='ltr'>partitio</span> <span class='ocrx_word' id='word_1_266' title='bbox 698 1647 752 1678; x_wconf 79' lang='lat' dir='ltr'>hic</span> <span class='ocrx_word' id='word_1_267' title='bbox 769 1671 776 1678; x_wconf 91' lang='lat'>.</span> <span class='ocrx_word' id='word_1_268' title='bbox 796 1671 803 1678; x_wconf 94' lang='lat'>.</span> <span class='ocrx_word' id='word_1_269' title='bbox 823 1671 830 1678; x_wconf 94' lang='lat'>.</span> <span class='ocrx_word' id='word_1_270' title='bbox 849 1647 902 1678; x_wconf 78' lang='lat' dir='ltr'>hic</span> <span class='ocrx_word' id='word_1_271' title='bbox 931 1648 1090 1689; x_wconf 85' lang='lat' dir='ltr'>(partitio</span> <span class='ocrx_word' id='word_1_272' title='bbox 1119 1650 1174 1679; x_wconf 87' lang='lat' dir='ltr'>est</span> <span class='ocrx_word' id='word_1_273' title='bbox 1201 1647 1306 1685; x_wconf 89' lang='lat' dir='ltr'>enim,</span> <span class='ocrx_word' id='word_1_274' title='bbox 1335 1657 1448 1688; x_wconf 88' lang='lat' dir='ltr'>neque</span> <span class='ocrx_word' id='word_1_275' title='bbox 1477 1657 1637 1688; x_wconf 87' lang='lat' dir='ltr'>usquam,</span> <span class='ocrx_word' id='word_1_276' title='bbox 1667 1647 1758 1678; x_wconf 88' lang='lat' dir='ltr'>sicut</span> 
     </span>
     <span class='ocr_line' id='line_1_26' title="bbox 221 1698 1759 1740; baseline -0.001 -10"><span class='ocrx_word' id='word_1_277' title='bbox 221 1700 284 1730; x_wconf 84' lang='lat'>642</span> <span class='ocrx_word' id='word_1_278' title='bbox 309 1703 344 1730; x_wconf 89' lang='lat' dir='ltr'>et</span> <span class='ocrx_word' id='word_1_279' title='bbox 368 1699 497 1740; x_wconf 89' lang='lat' dir='ltr'>passim</span> <span class='ocrx_word' id='word_1_280' title='bbox 522 1699 588 1736; x_wconf 83' lang='lat' dir='ltr'>ille,</span> <span class='ocrx_word' id='word_1_281' title='bbox 612 1699 664 1731; x_wconf 86' lang='lat' dir='ltr'>ita</span> <span class='ocrx_word' id='word_1_282' title='bbox 687 1698 740 1729; x_wconf 77' lang='lat' dir='ltr'>hic</span> <span class='ocrx_word' id='word_1_283' title='bbox 763 1709 826 1740; x_wconf 91' lang='lat' dir='ltr'>pro</span> <span class='ocrx_word' id='word_1_284' title='bbox 850 1698 908 1730; x_wconf 79' lang='lat' dir='ltr'>hoc</span> <span class='ocrx_word' id='word_1_285' title='bbox 931 1698 1036 1730; x_wconf 73' lang='lat' dir='ltr'>sidere</span> <span class='ocrx_word' id='word_1_286' title='bbox 1059 1703 1159 1731; x_wconf 76' lang='lat' dir='ltr'>natus</span> <span class='ocrx_word' id='word_1_287' title='bbox 1183 1699 1277 1730; x_wconf 77' lang='lat' dir='ltr'>homo</span> <span class='ocrx_word' id='word_1_288' title='bbox 1300 1699 1480 1740; x_wconf 88' lang='lat' dir='ltr'>ponitur);</span> <span class='ocrx_word' id='word_1_289' title='bbox 1517 1708 1600 1730; x_wconf 89' lang='lat' dir='ltr'>nam</span> <span class='ocrx_word' id='word_1_290' title='bbox 1623 1698 1759 1739; x_wconf 76' lang='lat' dir='ltr'>equites</span> 
     </span>
     <span class='ocr_line' id='line_1_27' title="bbox 220 1749 1758 1791; baseline -0.001 -9"><span class='ocrx_word' id='word_1_291' title='bbox 220 1760 443 1791; x_wconf 82' lang='lat' dir='ltr'>cursoresque</span> <span class='ocrx_word' id='word_1_292' title='bbox 461 1749 695 1782; x_wconf 90' lang='lat' dir='ltr'>salutatorum</span> <span class='ocrx_word' id='word_1_293' title='bbox 713 1760 839 1791; x_wconf 84' lang='lat' dir='ltr'>genera</span> <span class='ocrx_word' id='word_1_294' title='bbox 855 1760 927 1781; x_wconf 92' lang='lat' dir='ltr'>non</span> <span class='ocrx_word' id='word_1_295' title='bbox 945 1753 1028 1782; x_wconf 89' lang='lat' dir='ltr'>sunt</span> <span class='ocrx_word' id='word_1_296' title='bbox 1045 1761 1157 1791; x_wconf 92' lang='lat' dir='ltr'>neque</span> <span class='ocrx_word' id='word_1_297' title='bbox 1176 1751 1342 1782; x_wconf 86' lang='lat' dir='ltr'>comitate</span> <span class='ocrx_word' id='word_1_298' title='bbox 1360 1753 1553 1782; x_wconf 85' lang='lat' dir='ltr'>censentur.</span> <span class='ocrx_word' id='word_1_299' title='bbox 1604 1752 1758 1781; x_wconf 88' lang='lat' dir='ltr'>ceterum</span> 
     </span>
     <span class='ocr_line' id='line_1_28' title="bbox 219 1801 1758 1843; baseline 0 -10"><span class='ocrx_word' id='word_1_300' title='bbox 219 1801 401 1843; x_wconf 70' lang='lat' dir='ltr'>uiyilantia</span> <span class='ocrx_word' id='word_1_301' title='bbox 431 1802 585 1839; x_wconf 83' lang='lat' dir='ltr'>membra,</span> <span class='ocrx_word' id='word_1_302' title='bbox 617 1812 706 1842; x_wconf 87' lang='lat' dir='ltr'>quae</span> <span class='ocrx_word' id='word_1_303' title='bbox 737 1801 834 1842; x_wconf 88' lang='lat' dir='ltr'>Fayo</span> <span class='ocrx_word' id='word_1_304' title='bbox 864 1801 1054 1843; x_wconf 72' lang='lat' dir='ltr'>diligentia,</span> <span class='ocrx_word' id='word_1_305' title='bbox 1086 1802 1254 1843; x_wconf 86' lang='lat' dir='ltr'>Pingraeo</span> <span class='ocrx_word' id='word_1_306' title='bbox 1287 1801 1470 1840; x_wconf 88' lang='lat' dir='ltr'>‘alertes’,</span> <span class='ocrx_word' id='word_1_307' title='bbox 1500 1801 1758 1843; x_wconf 84' lang='lat' dir='ltr'>Wageningeno</span> 
     </span>
     <span class='ocr_line' id='line_1_29' title="bbox 220 1851 1759 1895; baseline 0 -11"><span class='ocrx_word' id='word_1_308' title='bbox 220 1854 444 1895; x_wconf 84' lang='lat' dir='ltr'>properantia</span> <span class='ocrx_word' id='word_1_309' title='bbox 465 1856 558 1890; x_wconf 91' lang='lat' dir='ltr'>sunt,</span> <span class='ocrx_word' id='word_1_310' title='bbox 582 1853 666 1884; x_wconf 89' lang='lat' dir='ltr'>mihi</span> <span class='ocrx_word' id='word_1_311' title='bbox 687 1863 758 1884; x_wconf 91' lang='lat' dir='ltr'>non</span> <span class='ocrx_word' id='word_1_312' title='bbox 779 1854 894 1884; x_wconf 89' lang='lat' dir='ltr'>minus</span> <span class='ocrx_word' id='word_1_313' title='bbox 915 1863 1022 1894; x_wconf 88' lang='lat' dir='ltr'>quam</span> <span class='ocrx_word' id='word_1_314' title='bbox 1044 1853 1202 1885; x_wconf 88' lang='lat' dir='ltr'>Bentleio</span> <span class='ocrx_word' id='word_1_315' title='bbox 1223 1852 1429 1895; x_wconf 81' lang='lat' dir='ltr'>displicent3</span> <span class='ocrx_word' id='word_1_316' title='bbox 1464 1853 1525 1894; x_wconf 92' lang='lat' dir='ltr'>qui</span> <span class='ocrx_word' id='word_1_317' title='bbox 1545 1853 1640 1894; x_wconf 90' lang='lat' dir='ltr'>quod</span> <span class='ocrx_word' id='word_1_318' title='bbox 1660 1851 1759 1884; x_wconf 86' lang='lat' dir='ltr'>corda</span> 
     </span>
     <span class='ocr_line' id='line_1_30' title="bbox 220 1903 1758 1946; baseline 0 -10"><span class='ocrx_word' id='word_1_319' title='bbox 220 1905 385 1946; x_wconf 87' lang='lat' dir='ltr'>reposuit,</span> <span class='ocrx_word' id='word_1_320' title='bbox 405 1904 639 1936; x_wconf 87' lang='lat' dir='ltr'>membrorum</span> <span class='ocrx_word' id='word_1_321' title='bbox 658 1905 790 1936; x_wconf 83' lang='lat' dir='ltr'>mentio</span> <span class='ocrx_word' id='word_1_322' title='bbox 809 1905 1071 1937; x_wconf 86' lang='lat' dir='ltr'>conuenientior</span> <span class='ocrx_word' id='word_1_323' title='bbox 1088 1907 1142 1936; x_wconf 86' lang='lat' dir='ltr'>est</span> <span class='ocrx_word' id='word_1_324' title='bbox 1232 1907 1297 1939; x_wconf 87' lang='grc'>636</span> <span class='ocrx_word' id='word_1_325' title='bbox 1313 1903 1515 1946; x_wconf 79' lang='lat' dir='ltr'>glomerabit</span> <span class='ocrx_word' id='word_1_326' title='bbox 1532 1903 1613 1943; x_wconf 75' lang='lat' dir='ltr'>GL2,</span> <span class='ocrx_word' id='word_1_327' title='bbox 1631 1904 1758 1945; x_wconf 84' lang='lat' dir='ltr'>glome-</span> 
     </span>
     <span class='ocr_line' id='line_1_31' title="bbox 218 1955 1756 1997; baseline -0.001 -9"><span class='ocrx_word' id='word_1_328' title='bbox 218 1956 310 1988; x_wconf 85' lang='lat' dir='ltr'>rauit</span> <span class='ocrx_word' id='word_1_329' title='bbox 336 1956 399 1987; x_wconf 91' lang='lat' dir='ltr'>LM</span> <span class='ocrx_word' id='word_1_330' title='bbox 488 1964 588 1996; x_wconf 87' lang='lat' dir='ltr'>gyros</span> <span class='ocrx_word' id='word_1_331' title='bbox 615 1956 689 1987; x_wconf 90' lang='lat' dir='ltr'>cod.</span> <span class='ocrx_word' id='word_1_332' title='bbox 720 1955 833 1993; x_wconf 87' lang='lat' dir='ltr'>Bodl.‚</span> <span class='ocrx_word' id='word_1_333' title='bbox 861 1965 958 1997; x_wconf 86' lang='lat' dir='ltr'>cyros</span> <span class='ocrx_word' id='word_1_334' title='bbox 985 1955 1088 1994; x_wconf 88' lang='lat' dir='ltr'>GLM,</span> <span class='ocrx_word' id='word_1_335' title='bbox 1116 1965 1230 1997; x_wconf 86' lang='lat' dir='ltr'>cyrros</span> <span class='ocrx_word' id='word_1_336' title='bbox 1256 1956 1297 1988; x_wconf 81' lang='lat' dir='ltr'>L²</span> <span class='ocrx_word' id='word_1_337' title='bbox 1389 1958 1452 1990; x_wconf 87' lang='lat'>638</span> <span class='ocrx_word' id='word_1_338' title='bbox 1478 1955 1628 1987; x_wconf 80' lang='lat' dir='ltr'>stadium</span> <span class='ocrx_word' id='word_1_339' title='bbox 1654 1955 1756 1994; x_wconf 81' lang='lat' dir='ltr'>GLM,</span> 
     </span>
     <span class='ocr_line' id='line_1_32' title="bbox 219 2006 1760 2045; baseline 0.001 -7"><span class='ocrx_word' id='word_1_340' title='bbox 219 2007 371 2039; x_wconf 88' lang='lat' dir='ltr'>studium</span> <span class='ocrx_word' id='word_1_341' title='bbox 392 2007 432 2038; x_wconf 83' lang='lat' dir='ltr'>L2</span> <span class='ocrx_word' id='word_1_342' title='bbox 453 2007 527 2038; x_wconf 91' lang='lat' dir='ltr'>cod.</span> <span class='ocrx_word' id='word_1_343' title='bbox 551 2007 705 2038; x_wconf 88' lang='lat' dir='ltr'>Venetus</span> <span class='ocrx_word' id='word_1_344' title='bbox 794 2006 860 2039; x_wconf 91' lang='lat' dir='ltr'>fide</span> <span class='ocrx_word' id='word_1_345' title='bbox 882 2007 1070 2045; x_wconf 83' lang='lat' dir='ltr'>Bentleius‚</span> <span class='ocrx_word' id='word_1_346' title='bbox 1091 2006 1194 2039; x_wconf 88' lang='lat' dir='ltr'>fidem</span> <span class='ocrx_word' id='word_1_347' title='bbox 1213 2007 1302 2039; x_wconf 90' lang='lat' dir='ltr'>libri.</span> <span class='ocrx_word' id='word_1_348' title='bbox 1352 2006 1360 2019; x_wconf 90' lang='lat'>‘</span> <span class='ocrx_word' id='word_1_349' title='bbox 1374 2009 1449 2039; x_wconf 85' lang='lat' dir='ltr'>tam</span> <span class='ocrx_word' id='word_1_350' title='bbox 1470 2007 1625 2039; x_wconf 84' lang='lat' dir='ltr'>celeriter</span> <span class='ocrx_word' id='word_1_351' title='bbox 1644 2009 1760 2039; x_wconf 83' lang='lat' dir='ltr'>curret</span> 
     </span>
     <span class='ocr_line' id='line_1_33' title="bbox 220 2057 1670 2100; baseline 0 -10"><span class='ocrx_word' id='word_1_352' title='bbox 220 2062 261 2090; x_wconf 87' lang='lat' dir='ltr'>ut</span> <span class='ocrx_word' id='word_1_353' title='bbox 285 2059 439 2090; x_wconf 87' lang='lat' dir='ltr'>stadium</span> <span class='ocrx_word' id='word_1_354' title='bbox 463 2058 556 2089; x_wconf 87' lang='lat' dir='ltr'>iusto</span> <span class='ocrx_word' id='word_1_355' title='bbox 582 2058 720 2089; x_wconf 88' lang='lat' dir='ltr'>breuius</span> <span class='ocrx_word' id='word_1_356' title='bbox 744 2068 818 2089; x_wconf 90' lang='lat' dir='ltr'>esse</span> <span class='ocrx_word' id='word_1_357' title='bbox 842 2061 878 2090; x_wconf 90' lang='lat' dir='ltr'>et</span> <span class='ocrx_word' id='word_1_358' title='bbox 902 2069 1048 2100; x_wconf 84' lang='lat' dir='ltr'>campus</span> <span class='ocrx_word' id='word_1_359' title='bbox 1071 2059 1145 2099; x_wconf 88' lang='lat' dir='ltr'>ipse</span> <span class='ocrx_word' id='word_1_360' title='bbox 1173 2058 1251 2090; x_wconf 88' lang='lat' dir='ltr'>tolli</span> <span class='ocrx_word' id='word_1_361' title='bbox 1279 2059 1441 2090; x_wconf 87' lang='lat' dir='ltr'>uideatur</span> <span class='ocrx_word' id='word_1_362' title='bbox 1456 2059 1464 2071; x_wconf 92' lang='lat'>&#39;</span> <span class='ocrx_word' id='word_1_363' title='bbox 1490 2057 1670 2090; x_wconf 85' lang='lat' dir='ltr'>Bentleius</span> 
     </span>
    </p>
   </div>
   <div class='ocr_carea' id='block_1_4' title="bbox 221 2109 1760 2254">
    <p class='ocr_par' dir='ltr' id='par_1_6' title="bbox 221 2109 1760 2254">
     <span class='ocr_line' id='line_1_34' title="bbox 265 2109 1757 2149; baseline 0 -8"><span class='ocrx_word' id='word_1_364' title='bbox 265 2109 373 2141; x_wconf 89' lang='lat' dir='ltr'>uideri</span> <span class='ocrx_word' id='word_1_365' title='bbox 395 2109 442 2147; x_wconf 90' lang='lat' dir='ltr'>M,</span> <span class='ocrx_word' id='word_1_366' title='bbox 467 2109 581 2141; x_wconf 73' lang='lat' dir='ltr'>uidere</span> <span class='ocrx_word' id='word_1_367' title='bbox 606 2109 660 2140; x_wconf 88' lang='lat' dir='ltr'>GL</span> <span class='ocrx_word' id='word_1_368' title='bbox 752 2112 816 2143; x_wconf 85' lang='grc'>639</span> <span class='ocrx_word' id='word_1_369' title='bbox 839 2118 942 2141; x_wconf 82' lang='lat' dir='ltr'>cursu</span> <span class='ocrx_word' id='word_1_370' title='bbox 966 2109 1004 2149; x_wconf 89' lang='lat' dir='ltr'>G,</span> <span class='ocrx_word' id='word_1_371' title='bbox 1029 2119 1169 2142; x_wconf 89' lang='lat' dir='ltr'>cursum</span> <span class='ocrx_word' id='word_1_372' title='bbox 1192 2110 1255 2142; x_wconf 86' lang='lat' dir='ltr'>LM</span> <span class='ocrx_word' id='word_1_373' title='bbox 1279 2109 1354 2141; x_wconf 91' lang='lat' dir='ltr'>cod.</span> <span class='ocrx_word' id='word_1_374' title='bbox 1380 2110 1535 2142; x_wconf 88' lang='lat' dir='ltr'>Venetus</span> <span class='ocrx_word' id='word_1_375' title='bbox 1637 2109 1757 2147; x_wconf 84' lang='lat' dir='ltr'>tollere,</span> 
     </span>
     <span class='ocr_line' id='line_1_35' title="bbox 221 2159 1759 2202; baseline 0 -10"><span class='ocrx_word' id='word_1_376' title='bbox 221 2160 368 2197; x_wconf 88' lang='lat' dir='ltr'>abolere,</span> <span class='ocrx_word' id='word_1_377' title='bbox 396 2171 438 2192; x_wconf 82' lang='lat' dir='ltr'>ex</span> <span class='ocrx_word' id='word_1_378' title='bbox 464 2159 568 2202; x_wconf 89' lang='lat' dir='ltr'>longo</span> <span class='ocrx_word' id='word_1_379' title='bbox 596 2160 837 2192; x_wconf 88' lang='lat' dir='ltr'>breuissimum</span> <span class='ocrx_word' id='word_1_380' title='bbox 864 2163 971 2202; x_wconf 86' lang='lat' dir='ltr'>atque</span> <span class='ocrx_word' id='word_1_381' title='bbox 998 2161 1085 2193; x_wconf 84' lang='lat' dir='ltr'>adeo</span> <span class='ocrx_word' id='word_1_382' title='bbox 1110 2161 1246 2193; x_wconf 78' lang='lat' dir='ltr'>nullum</span> <span class='ocrx_word' id='word_1_383' title='bbox 1272 2161 1414 2193; x_wconf 82' lang='lat' dir='ltr'>efficere.</span> <span class='ocrx_word' id='word_1_384' title='bbox 1461 2164 1554 2193; x_wconf 87' lang='lat' dir='ltr'>recte</span> <span class='ocrx_word' id='word_1_385' title='bbox 1581 2160 1759 2193; x_wconf 86' lang='lat' dir='ltr'>Bentleius</span> 
     </span>
     <span class='ocr_line' id='line_1_36' title="bbox 221 2211 1760 2254; baseline 0.001 -11"><span class='ocrx_word' id='word_1_386' title='bbox 221 2213 318 2252; x_wconf 90' lang='lat' dir='ltr'>(nam</span> <span class='ocrx_word' id='word_1_387' title='bbox 350 2212 501 2243; x_wconf 87' lang='lat' dir='ltr'>Huetius</span> <span class='ocrx_word' id='word_1_388' title='bbox 533 2213 722 2251; x_wconf 88' lang='lat' dir='ltr'>errauerat)</span> <span class='ocrx_word' id='word_1_389' title='bbox 756 2212 885 2244; x_wconf 82' lang='lat' dir='ltr'>collato</span> <span class='ocrx_word' id='word_1_390' title='bbox 916 2213 1016 2245; x_wconf 91' lang='lat' dir='ltr'>Nem.</span> <span class='ocrx_word' id='word_1_391' title='bbox 1050 2223 1127 2254; x_wconf 88' lang='lat' dir='ltr'>cyn.</span> <span class='ocrx_word' id='word_1_392' title='bbox 1161 2213 1227 2245; x_wconf 85' lang='lat'>289</span> <span class='ocrx_word' id='word_1_393' title='bbox 1258 2213 1386 2245; x_wconf 85' lang='lat' dir='ltr'>latum.</span> <span class='ocrx_word' id='word_1_394' title='bbox 1407 2237 1414 2244; x_wconf 93' lang='lat'>.</span> <span class='ocrx_word' id='word_1_395' title='bbox 1434 2237 1441 2244; x_wconf 93' lang='lat'>.</span> <span class='ocrx_word' id='word_1_396' title='bbox 1453 2211 1540 2254; x_wconf 72' lang='lat' dir='ltr'>fuya</span> <span class='ocrx_word' id='word_1_397' title='bbox 1570 2222 1760 2244; x_wconf 73' lang='lat' dir='ltr'>consumere</span> 
     </span>
    </p>
   </div>
   <div class='ocr_carea' id='block_1_5' title="bbox 219 2262 1759 2867">
    <p class='ocr_par' dir='ltr' id='par_1_7' title="bbox 219 2262 1759 2867">
     <span class='ocr_line' id='line_1_37' title="bbox 220 2262 1758 2307; baseline 0.001 -13"><span class='ocrx_word' id='word_1_398' title='bbox 220 2274 399 2303; x_wconf 78' lang='lat' dir='ltr'>campum3</span> <span class='ocrx_word' id='word_1_399' title='bbox 440 2263 530 2294; x_wconf 87' lang='lat' dir='ltr'>adde</span> <span class='ocrx_word' id='word_1_400' title='bbox 557 2263 638 2295; x_wconf 89' lang='lat' dir='ltr'>Luc.</span> <span class='ocrx_word' id='word_1_401' title='bbox 667 2272 721 2294; x_wconf 83' lang='lat' dir='ltr'>vn</span> <span class='ocrx_word' id='word_1_402' title='bbox 746 2264 810 2295; x_wconf 83' lang='lat'>460</span> <span class='ocrx_word' id='word_1_403' title='bbox 837 2274 887 2305; x_wconf 90' lang='lat' dir='ltr'>sq.</span> <span class='ocrx_word' id='word_1_404' title='bbox 916 2263 1036 2304; x_wconf 81' lang='lat' dir='ltr'>rapido</span> <span class='ocrx_word' id='word_1_405' title='bbox 1061 2274 1161 2296; x_wconf 74' lang='lat' dir='ltr'>cursu</span> <span class='ocrx_word' id='word_1_406' title='bbox 1181 2263 1251 2305; x_wconf 86' lang='lat' dir='ltr'>sati</span> <span class='ocrx_word' id='word_1_407' title='bbox 1275 2274 1432 2305; x_wconf 76' lang='lat' dir='ltr'>suprema</span> <span class='ocrx_word' id='word_1_408' title='bbox 1457 2268 1638 2296; x_wconf 88' lang='lat' dir='ltr'>morantem</span> <span class='ocrx_word' id='word_1_409' title='bbox 1659 2262 1664 2307; x_wconf 89' lang='grc' dir='ltr'>Ι</span> <span class='ocrx_word' id='word_1_410' title='bbox 1683 2274 1758 2296; x_wconf 86' lang='lat' dir='ltr'>con-</span> 
     </span>
     <span class='ocr_line' id='line_1_38' title="bbox 220 2314 1758 2357; baseline 0.001 -11"><span class='ocrx_word' id='word_1_411' title='bbox 220 2325 390 2355; x_wconf 76' lang='lat' dir='ltr'>sumpsere</span> <span class='ocrx_word' id='word_1_412' title='bbox 410 2315 517 2346; x_wconf 83' lang='lat' dir='ltr'>Zoeum</span> <span class='ocrx_word' id='word_1_413' title='bbox 537 2318 573 2346; x_wconf 87' lang='lat' dir='ltr'>et</span> <span class='ocrx_word' id='word_1_414' title='bbox 593 2314 718 2347; x_wconf 88' lang='lat' dir='ltr'>Catull.</span> <span class='ocrx_word' id='word_1_415' title='bbox 740 2316 782 2347; x_wconf 88' lang='lat'>35</span> <span class='ocrx_word' id='word_1_416' title='bbox 804 2316 823 2347; x_wconf 91' lang='lat'><strong>7</strong></span> <span class='ocrx_word' id='word_1_417' title='bbox 843 2315 938 2347; x_wconf 85' lang='lat' dir='ltr'>uiam</span> <span class='ocrx_word' id='word_1_418' title='bbox 958 2315 1088 2347; x_wconf 80' lang='lat' dir='ltr'>uorabit</span> <span class='ocrx_word' id='word_1_419' title='bbox 1179 2319 1243 2349; x_wconf 90' lang='grc'>640</span> <span class='ocrx_word' id='word_1_420' title='bbox 1264 2318 1326 2350; x_wconf 87' lang='grc'>641</span> <span class='ocrx_word' id='word_1_421' title='bbox 1347 2315 1586 2357; x_wconf 69' lang='lat' dir='ltr'>significantur</span> <span class='ocrx_word' id='word_1_422' title='bbox 1605 2314 1758 2357; x_wconf 86' lang='lat' dir='ltr'>specula-</span> 
     </span>
     <span class='ocr_line' id='line_1_39' title="bbox 221 2366 1758 2407; baseline 0.001 -10"><span class='ocrx_word' id='word_1_423' title='bbox 221 2369 324 2403; x_wconf 86' lang='lat' dir='ltr'>tores,</span> <span class='ocrx_word' id='word_1_424' title='bbox 354 2366 611 2398; x_wconf 71' lang='lat' dir='ltr'>hemerodromos</span> <span class='ocrx_word' id='word_1_425' title='bbox 638 2370 758 2398; x_wconf 83' lang='lat' dir='ltr'>uocant</span> <span class='ocrx_word' id='word_1_426' title='bbox 786 2366 913 2404; x_wconf 77' lang='lat' dir='ltr'>Graeci,</span> <span class='ocrx_word' id='word_1_427' title='bbox 943 2366 1059 2407; x_wconf 72' lang='lat' dir='ltr'>inqens</span> <span class='ocrx_word' id='word_1_428' title='bbox 1086 2366 1141 2398; x_wconf 80' lang='lat' dir='ltr'>die</span> <span class='ocrx_word' id='word_1_429' title='bbox 1167 2378 1235 2399; x_wconf 84' lang='lat' dir='ltr'>uno</span> <span class='ocrx_word' id='word_1_430' title='bbox 1262 2378 1362 2399; x_wconf 79' lang='lat' dir='ltr'>cursu</span> <span class='ocrx_word' id='word_1_431' title='bbox 1389 2366 1570 2399; x_wconf 76' lang='lat' dir='ltr'>emetientis</span> <span class='ocrx_word' id='word_1_432' title='bbox 1597 2366 1758 2407; x_wconf 73' lang='lat' dir='ltr'>spatium,</span> 
     </span>
     <span class='ocr_line' id='line_1_40' title="bbox 222 2417 1758 2459; baseline 0 -11"><span class='ocrx_word' id='word_1_433' title='bbox 222 2417 296 2448; x_wconf 89' lang='lat' dir='ltr'>Liu.</span> <span class='ocrx_word' id='word_1_434' title='bbox 322 2425 417 2448; x_wconf 75' lang='lat' dir='ltr'>XXXI</span> <span class='ocrx_word' id='word_1_435' title='bbox 438 2418 481 2448; x_wconf 86' lang='lat'>24</span> <span class='ocrx_word' id='word_1_436' title='bbox 502 2419 533 2448; x_wconf 90' lang='lat'>4.</span> <span class='ocrx_word' id='word_1_437' title='bbox 583 2417 677 2449; x_wconf 86' lang='lat' dir='ltr'>Suet.</span> <span class='ocrx_word' id='word_1_438' title='bbox 701 2418 788 2459; x_wconf 84' lang='lat' dir='ltr'>Aug.</span> <span class='ocrx_word' id='word_1_439' title='bbox 813 2419 857 2450; x_wconf 85' lang='lat'>49</span> <span class='ocrx_word' id='word_1_440' title='bbox 879 2419 899 2450; x_wconf 88' lang='lat'>3</span> <span class='ocrx_word' id='word_1_441' title='bbox 921 2429 984 2459; x_wconf 80' lang='lat' dir='ltr'>quo</span> <span class='ocrx_word' id='word_1_442' title='bbox 1006 2419 1143 2450; x_wconf 67' lang='lat' dir='ltr'>celerius</span> <span class='ocrx_word' id='word_1_443' title='bbox 1166 2429 1203 2450; x_wconf 87' lang='lat' dir='ltr'>ac</span> <span class='ocrx_word' id='word_1_444' title='bbox 1225 2418 1285 2450; x_wconf 78' lang='lat' dir='ltr'>sub</span> <span class='ocrx_word' id='word_1_445' title='bbox 1308 2428 1447 2450; x_wconf 82' lang='lat' dir='ltr'>manum</span> <span class='ocrx_word' id='word_1_446' title='bbox 1468 2417 1668 2450; x_wconf 73' lang='lat' dir='ltr'>adnuntiari</span> <span class='ocrx_word' id='word_1_447' title='bbox 1688 2427 1758 2458; x_wconf 75' lang='lat' dir='ltr'>coq-</span> 
     </span>
     <span class='ocr_line' id='line_1_41' title="bbox 221 2467 1759 2510; baseline 0.001 -12"><span class='ocrx_word' id='word_1_448' title='bbox 221 2467 375 2508; x_wconf 66' lang='lat' dir='ltr'>noscique</span> <span class='ocrx_word' id='word_1_449' title='bbox 403 2472 524 2508; x_wconf 74' lang='lat' dir='ltr'>posset,</span> <span class='ocrx_word' id='word_1_450' title='bbox 555 2468 637 2508; x_wconf 81' lang='lat' dir='ltr'>quid</span> <span class='ocrx_word' id='word_1_451' title='bbox 668 2468 706 2500; x_wconf 90' lang='lat' dir='ltr'>in</span> <span class='ocrx_word' id='word_1_452' title='bbox 733 2468 916 2509; x_wconf 78' lang='lat' dir='ltr'>prouincia</span> <span class='ocrx_word' id='word_1_453' title='bbox 945 2479 1073 2510; x_wconf 71' lang='lat' dir='ltr'>quaque</span> <span class='ocrx_word' id='word_1_454' title='bbox 1103 2473 1274 2510; x_wconf 74' lang='lat' dir='ltr'>yereretur,</span> <span class='ocrx_word' id='word_1_455' title='bbox 1306 2468 1446 2501; x_wconf 72' lang='lat' dir='ltr'>iuuenes</span> <span class='ocrx_word' id='word_1_456' title='bbox 1473 2469 1585 2510; x_wconf 79' lang='lat' dir='ltr'>primo</span> <span class='ocrx_word' id='word_1_457' title='bbox 1619 2468 1759 2500; x_wconf 70' lang='lat' dir='ltr'>‘modicis</span> 
     </span>
     <span class='ocr_line' id='line_1_42' title="bbox 221 2519 1758 2561; baseline 0.001 -12"><span class='ocrx_word' id='word_1_458' title='bbox 221 2519 410 2550; x_wconf 71' lang='lat' dir='ltr'>interuallis</span> <span class='ocrx_word' id='word_1_459' title='bbox 439 2529 498 2558; x_wconf 80' lang='lat' dir='ltr'>per</span> <span class='ocrx_word' id='word_1_460' title='bbox 530 2519 689 2551; x_wconf 76' lang='lat' dir='ltr'>militaris</span> <span class='ocrx_word' id='word_1_461' title='bbox 719 2520 808 2557; x_wconf 76' lang='lat' dir='ltr'>uias,</span> <span class='ocrx_word' id='word_1_462' title='bbox 837 2519 954 2551; x_wconf 79' lang='lat' dir='ltr'>dehinc</span> <span class='ocrx_word' id='word_1_463' title='bbox 980 2520 1135 2552; x_wconf 73' lang='lat' dir='ltr'>uehicula</span> <span class='ocrx_word' id='word_1_464' title='bbox 1161 2520 1327 2561; x_wconf 73' lang='lat' dir='ltr'>disposuit</span> <span class='ocrx_word' id='word_1_465' title='bbox 1419 2523 1483 2554; x_wconf 88' lang='grc'>640</span> <span class='ocrx_word' id='word_1_466' title='bbox 1512 2529 1596 2552; x_wconf 85' lang='lat' dir='ltr'>nam</span> <span class='ocrx_word' id='word_1_467' title='bbox 1625 2519 1700 2561; x_wconf 86' lang='lat' dir='ltr'>quis</span> <span class='ocrx_word' id='word_1_468' title='bbox 1728 2519 1758 2558; x_wconf 83' lang='grc'>*,</span> 
     </span>
     <span class='ocr_line' id='line_1_43' title="bbox 222 2569 1758 2612; baseline 0 -11"><span class='ocrx_word' id='word_1_469' title='bbox 222 2569 380 2611; x_wconf 85' lang='lat' dir='ltr'>quamuis</span> <span class='ocrx_word' id='word_1_470' title='bbox 406 2569 471 2608; x_wconf 86' lang='lat' dir='ltr'>GL,</span> <span class='ocrx_word' id='word_1_471' title='bbox 493 2570 614 2610; x_wconf 84' lang='lat' dir='ltr'>quauis</span> <span class='ocrx_word' id='word_1_472' title='bbox 635 2571 682 2602; x_wconf 92' lang='lat' dir='ltr'>M.</span> <span class='ocrx_word' id='word_1_473' title='bbox 730 2570 881 2612; x_wconf 87' lang='lat' dir='ltr'>Scaliger</span> <span class='ocrx_word' id='word_1_474' title='bbox 899 2571 950 2609; x_wconf 80' lang='lat' dir='ltr'>ab,</span> <span class='ocrx_word' id='word_1_475' title='bbox 971 2572 1067 2612; x_wconf 92' lang='lat' dir='ltr'>quod</span> <span class='ocrx_word' id='word_1_476' title='bbox 1085 2582 1187 2603; x_wconf 91' lang='lat' dir='ltr'>nemo</span> <span class='ocrx_word' id='word_1_477' title='bbox 1206 2571 1408 2609; x_wconf 74' lang='lat' dir='ltr'>addidisset,</span> <span class='ocrx_word' id='word_1_478' title='bbox 1428 2570 1576 2603; x_wconf 90' lang='lat' dir='ltr'>delendo</span> <span class='ocrx_word' id='word_1_479' title='bbox 1593 2571 1758 2607; x_wconf 89' lang='lat' dir='ltr'>numeris,</span> 
     </span>
     <span class='ocr_line' id='line_1_44' title="bbox 220 2621 1759 2664; baseline 0.001 -13"><span class='ocrx_word' id='word_1_480' title='bbox 220 2631 291 2652; x_wconf 91' lang='lat' dir='ltr'>non</span> <span class='ocrx_word' id='word_1_481' title='bbox 325 2621 519 2652; x_wconf 83' lang='lat' dir='ltr'>sententiae</span> <span class='ocrx_word' id='word_1_482' title='bbox 553 2622 732 2658; x_wconf 89' lang='lat' dir='ltr'>succurrit,</span> <span class='ocrx_word' id='word_1_483' title='bbox 767 2632 879 2663; x_wconf 89' lang='lat' dir='ltr'>neque</span> <span class='ocrx_word' id='word_1_484' title='bbox 913 2622 1036 2653; x_wconf 87' lang='lat' dir='ltr'>melius</span> <span class='ocrx_word' id='word_1_485' title='bbox 1069 2622 1218 2654; x_wconf 86' lang='lat' dir='ltr'>Iacobus</span> <span class='ocrx_word' id='word_1_486' title='bbox 1250 2633 1393 2663; x_wconf 66' lang='lat' dir='ltr'>ananus.</span> <span class='ocrx_word' id='word_1_487' title='bbox 1441 2623 1571 2664; x_wconf 79' lang='lat' dir='ltr'>quippe</span> <span class='ocrx_word' id='word_1_488' title='bbox 1605 2621 1759 2653; x_wconf 84' lang='lat' dir='ltr'>ostendit</span> 
     </span>
     <span class='ocr_line' id='line_1_45' title="bbox 219 2671 1758 2713; baseline 0.001 -11"><span class='ocrx_word' id='word_1_489' title='bbox 219 2671 320 2703; x_wconf 72' lang='lat' dir='ltr'>citius</span> <span class='ocrx_word' id='word_1_490' title='bbox 350 2671 629 2712; x_wconf 83' lang='lat' dir='ltr'>comparatiuum</span> <span class='ocrx_word' id='word_1_491' title='bbox 658 2672 722 2703; x_wconf 89' lang='lat' dir='ltr'>sub</span> <span class='ocrx_word' id='word_1_492' title='bbox 752 2672 853 2713; x_wconf 86' lang='lat' dir='ltr'>Equo</span> <span class='ocrx_word' id='word_1_493' title='bbox 881 2676 1005 2704; x_wconf 85' lang='lat' dir='ltr'>natum</span> <span class='ocrx_word' id='word_1_494' title='bbox 1034 2673 1210 2705; x_wconf 87' lang='lat' dir='ltr'>hominem</span> <span class='ocrx_word' id='word_1_495' title='bbox 1239 2673 1433 2705; x_wconf 82' lang='lat' dir='ltr'>sententiae</span> <span class='ocrx_word' id='word_1_496' title='bbox 1461 2673 1658 2704; x_wconf 87' lang='lat' dir='ltr'>subiectum</span> <span class='ocrx_word' id='word_1_497' title='bbox 1685 2681 1758 2704; x_wconf 88' lang='lat' dir='ltr'>esse</span> 
     </span>
     <span class='ocr_line' id='line_1_46' title="bbox 221 2723 1758 2765; baseline 0.001 -12"><span class='ocrx_word' id='word_1_498' title='bbox 221 2733 291 2754; x_wconf 90' lang='lat' dir='ltr'>non</span> <span class='ocrx_word' id='word_1_499' title='bbox 316 2732 416 2764; x_wconf 89' lang='lat' dir='ltr'>posse</span> <span class='ocrx_word' id='word_1_500' title='bbox 440 2723 636 2763; x_wconf 85' lang='lat' dir='ltr'>requirique</span> <span class='ocrx_word' id='word_1_501' title='bbox 662 2726 724 2754; x_wconf 88' lang='lat' dir='ltr'>aut</span> <span class='ocrx_word' id='word_1_502' title='bbox 749 2733 843 2754; x_wconf 80' lang='lat' dir='ltr'>nemo</span> <span class='ocrx_word' id='word_1_503' title='bbox 869 2727 931 2755; x_wconf 88' lang='lat' dir='ltr'>aut</span> <span class='ocrx_word' id='word_1_504' title='bbox 956 2724 1050 2765; x_wconf 90' lang='lat' dir='ltr'>quod</span> <span class='ocrx_word' id='word_1_505' title='bbox 1074 2724 1167 2756; x_wconf 85' lang='lat' dir='ltr'>idem</span> <span class='ocrx_word' id='word_1_506' title='bbox 1190 2724 1262 2756; x_wconf 80' lang='lat' dir='ltr'>fere</span> <span class='ocrx_word' id='word_1_507' title='bbox 1286 2727 1387 2756; x_wconf 88' lang='lat' dir='ltr'>sonet</span> <span class='ocrx_word' id='word_1_508' title='bbox 1410 2723 1630 2756; x_wconf 87' lang='lat' dir='ltr'>uocabulum.</span> <span class='ocrx_word' id='word_1_509' title='bbox 1678 2733 1758 2755; x_wconf 80' lang='lat' dir='ltr'>nam</span> 
     </span>
     <span class='ocr_line' id='line_1_47' title="bbox 222 2773 1759 2816; baseline 0.001 -12"><span class='ocrx_word' id='word_1_510' title='bbox 222 2773 297 2814; x_wconf 71' lang='lat' dir='ltr'>quis</span> <span class='ocrx_word' id='word_1_511' title='bbox 323 2774 395 2804; x_wconf 90' lang='lat' dir='ltr'>sine</span> <span class='ocrx_word' id='word_1_512' title='bbox 420 2774 455 2804; x_wconf 80' lang='lat' dir='ltr'>ui</span> <span class='ocrx_word' id='word_1_513' title='bbox 481 2773 611 2804; x_wconf 84' lang='lat' dir='ltr'>causali</span> <span class='ocrx_word' id='word_1_514' title='bbox 634 2784 698 2815; x_wconf 90' lang='lat' dir='ltr'>pro</span> <span class='ocrx_word' id='word_1_515' title='bbox 722 2773 889 2814; x_wconf 68' lang='lat' dir='ltr'>quisnam,</span> <span class='ocrx_word' id='word_1_516' title='bbox 916 2775 1011 2815; x_wconf 91' lang='lat' dir='ltr'>quod</span> <span class='ocrx_word' id='word_1_517' title='bbox 1036 2775 1130 2816; x_wconf 89' lang='lat' dir='ltr'>apud</span> <span class='ocrx_word' id='word_1_518' title='bbox 1155 2774 1335 2807; x_wconf 81' lang='lat' dir='ltr'>Manilium</span> <span class='ocrx_word' id='word_1_519' title='bbox 1359 2785 1431 2806; x_wconf 89' lang='lat' dir='ltr'>non</span> <span class='ocrx_word' id='word_1_520' title='bbox 1455 2777 1566 2811; x_wconf 84' lang='lat' dir='ltr'>extat,</span> <span class='ocrx_word' id='word_1_521' title='bbox 1591 2774 1698 2805; x_wconf 86' lang='lat' dir='ltr'>etiam</span> <span class='ocrx_word' id='word_1_522' title='bbox 1722 2773 1759 2805; x_wconf 89' lang='lat' dir='ltr'>in</span> 
     </span>
     <span class='ocr_line' id='line_1_48' title="bbox 224 2824 1758 2867; baseline 0 -11"><span class='ocrx_word' id='word_1_523' title='bbox 224 2825 391 2856; x_wconf 88' lang='lat' dir='ltr'>sermonis</span> <span class='ocrx_word' id='word_1_524' title='bbox 413 2825 514 2856; x_wconf 84' lang='lat' dir='ltr'>initio</span> <span class='ocrx_word' id='word_1_525' title='bbox 538 2825 674 2866; x_wconf 84' lang='lat' dir='ltr'>antiqui</span> <span class='ocrx_word' id='word_1_526' title='bbox 698 2824 872 2863; x_wconf 82' lang='lat' dir='ltr'>dicebant,</span> <span class='ocrx_word' id='word_1_527' title='bbox 898 2828 938 2857; x_wconf 82' lang='lat' dir='ltr'>ut</span> <span class='ocrx_word' id='word_1_528' title='bbox 962 2825 1131 2867; x_wconf 83' lang='lat' dir='ltr'>Vergilius</span> <span class='ocrx_word' id='word_1_529' title='bbox 1153 2835 1266 2867; x_wconf 87' lang='lat' dir='ltr'>georg.</span> <span class='ocrx_word' id='word_1_530' title='bbox 1291 2834 1330 2857; x_wconf 76' lang='grc' dir='ltr'><em>Ν</em></span> <span class='ocrx_word' id='word_1_531' title='bbox 1353 2827 1418 2857; x_wconf 86' lang='grc'>445</span> <span class='ocrx_word' id='word_1_532' title='bbox 1441 2835 1492 2867; x_wconf 89' lang='lat' dir='ltr'>sq.</span> <span class='ocrx_word' id='word_1_533' title='bbox 1517 2836 1598 2857; x_wconf 88' lang='lat' dir='ltr'>nam</span> <span class='ocrx_word' id='word_1_534' title='bbox 1619 2824 1695 2866; x_wconf 72' lang='lat' dir='ltr'>quis</span> <span class='ocrx_word' id='word_1_535' title='bbox 1718 2827 1758 2862; x_wconf 82' lang='lat' dir='ltr'>te,</span> 
     </span>
    </p>
   </div>
  </div>
 </body>
</html>
