1855 3088
179 115 259 153 118
472 113 532 154 Μ.
566 113 817 156 MANILII
848 113 1332 159 ASTRONOMICON
1364 117 1404 158 V

173 224 280 256 etiam
296 224 346 256 L².
388 225 451 257 803
468 224 588 257 diuum
604 225 629 257 L
646 229 680 257 et
697 236 781 258 corr.
800 236 842 258 ex
859 226 955 258 dium
971 225 1009 265 G,
1026 227 1206 259 dominum
1221 227 1268 260 M.
1316 229 1379 261 805
1397 227 1465 260 alia
1481 227 1625 260 aduerso
1641 226 1707 265 GL,

173 275 241 308 alio
265 275 410 307 aduersa
433 276 480 308 M.
528 278 592 309 809
616 278 722 317 nunc]
747 286 765 309 c
790 277 863 317 LM,
889 287 929 310 ac
954 277 1034 310 GL2.
1083 280 1146 310 812
1172 278 1333 320 quidquid
1357 279 1394 311 M
1418 278 1593 320 (quicquid
1618 278 1704 318 UR).

174 328 236 359 813
253 327 406 359 rarisorti
422 327 468 366 M,
486 327 555 359 rari
571 328 654 360 sorti
671 327 725 360 GL
742 328 826 360 Ven.
868 330 1001 369 euntes]
1018 332 1162 361 euentus
1178 330 1262 362 Ven.
1305 332 1368 362 816
1385 339 1464 362 rara
1480 330 1545 368 GL,
1563 339 1641 362 raro
1658 329 1705 361 M.

173 380 236 410 820
261 378 407 410 torridus
431 380 537 410 etiam
561 379 612 417 L2,
638 379 793 411 cordibus
817 380 923 412 etiam
947 380 1031 412 Ven.
1080 382 1140 412 821
1171 383 1252 422 apta
1277 381 1389 418 Bodl.,
1417 381 1486 413 icta
1509 381 1592 412 Ven.
1642 381 1705 412 825

172 431 357 470 coeptoque
373 430 456 461 Ven.
494 429 561 461 fine
577 430 628 468 L2‚
642 430 748 462 finem
763 430 799 468 L,
813 434 854 463 ut
866 431 1014 463 uidetur.
1064 433 1127 464 828
1139 441 1247 473 parua
1260 431 1325 469 GL,
1338 441 1447 473 praua
1461 431 1508 464 M.
1545 433 1605 464 831
1625 433 1707 463 tunc

171 481 259 512 libri.
299 482 361 512 832
377 480 503 512 aridior
518 480 598 519 GL2,
614 481 757 513 arridior
771 482 844 514 LM.
884 483 946 515 835
962 491 1025 514 ceu
1040 482 1104 521 GL,
1121 492 1182 515 sen
1196 483 1232 514 M
1246 484 1367 524 (etiam
1384 483 1438 523 U).
1488 484 1552 515 836
1569 482 1708 524 capillos

172 532 223 570 L2,
239 542 309 563 non
324 532 360 563 L.
401 533 463 564 837
479 531 567 572 ignis
583 541 614 571 ν,
631 532 725 573 ignes
742 532 844 564 GLM.
884 535 944 565 841
963 543 1006 565 ue
1021 558 1028 565 .
1045 558 1052 565 .
1070 558 1077 565 .
1093 543 1136 566 ue
1151 534 1187 571 L,
1204 543 1269 566 ue.
1288 559 1294 566 .
1312 559 1319 566 .
1335 543 1378 566 ne
1393 534 1429 566 M
1445 536 1502 575 (ne
1517 559 1524 565 .
1543 558 1550 565 .
1567 559 1574 565 .
1590 543 1633 566 ne
1649 533 1705 573 U),

173 592 237 624 que
253 608 259 614 .
277 607 284 615 .
302 607 308 614 .
326 592 390 624 que
410 582 446 614 G.
492 584 555 615 843
574 592 713 624 procero
733 583 773 615 L²
793 585 877 625 (non
896 583 935 624 L)
956 588 1062 625 atque
1082 585 1189 617 etiam
1207 587 1316 617 utero.
1359 588 1541 627 partusque
1560 584 1706 626 capellos

173 635 280 666 etiam
302 634 399 671 Ven.‚
423 633 562 675 capillos
585 635 692 666 etiam
714 634 766 667 L2.
813 636 876 667 844
898 644 1023 677 paruos
1045 636 1098 675 L2,
1121 647 1192 668 non
1214 636 1251 673 L,
1274 645 1336 678 par
1357 645 1421 668 nos
1444 636 1480 668 M
1505 637 1627 677 (etiam
1651 635 1707 675 U).

174 688 237 718 845
264 685 433 717 tremulo.
451 710 457 717 .
476 710 482 717 .
498 684 628 718 lumine
656 685 721 724 GL,
749 686 895 718 tremido
911 711 917 718 .
936 712 942 718 .
960 711 967 718 .
983 686 1101 719 limine
1127 687 1174 719 M.
1226 689 1289 720 850
1317 687 1435 729 procul
1463 687 1543 726 GL2,
1573 698 1639 719 om.
1669 687 1708 724 L,

172 736 290 778 polum
315 737 413 774 Ven.,
439 736 535 768 uiam
559 736 606 768 M.
657 738 715 769 851
745 739 908 770 tenuatur
933 737 1012 776 GL2,
1039 740 1227 770 tenuantur
1252 738 1325 770 LM.
1375 740 1438 771 852
1465 739 1596 771 cunctis
1627 738 1708 777 GL2,

173 787 288 820 cuncti
302 788 375 820 LM.
415 789 477 819 855
493 787 573 829 ipsis
589 787 654 826 GL,
670 788 760 830 ipsas
774 789 821 820 M.
860 790 924 821 863
939 798 1019 821 cum
1033 790 1140 821 etiam
1155 790 1206 822 L2.
1245 791 1308 822 876
1323 789 1458 831 ignibus
1474 789 1539 829 GL,
1557 790 1644 831 ignis
1660 789 1707 821 M.

175 841 237 872 882
257 839 357 871 urbes
376 840 483 871 etiam
502 839 553 871 L2.
602 841 665 872 883
684 839 856 872 succensis
875 840 949 879 LM,
969 840 1124 873 succensi
1143 840 1181 873 G.
1224 840 1411 882 sepulchris
1430 841 1519 880 L2M,
1540 840 1712 882 sepulchri

175 890 240 923 GL.
284 892 347 922 884
366 889 566 922 erictonicos
582 890 633 922 L2.
682 892 744 923 887
761 891 884 923 medici
900 902 984 923 corr.
1007 903 1049 923 ex
1068 891 1257 924 medicinae
1273 892 1309 924 L.
1351 893 1415 924 904
1433 901 1496 924 nec
1514 892 1636 924 mirere
1652 917 1658 924 .
1677 917 1683 924 .
1701 916 1708 924 .

173 951 354 983 rerumque
369 941 434 980 GL,
450 951 493 974 ne
507 941 695 983 mirereque
711 967 717 974 .
735 967 742 974 .
760 967 767 974 .
783 952 899 974 rerum
911 943 959 974 M.
997 944 1060 975 910
1076 952 1141 984 que
1155 943 1243 982 L²M‚
1260 954 1326 975 om.
1344 943 1398 975 GL
1413 944 1497 975 Ven.
1536 944 1597 976 911
1615 946 1710 975 artus

175 1005 259 1026 corr.
273 1004 315 1025 ex
326 1002 425 1025 arcus
436 993 473 1025 L.
508 994 570 1025 912
583 992 735 1025 conflixit
747 993 812 1032 GL,
824 1003 904 1025 cum
913 993 1011 1026 fluxit
1021 994 1067 1026 M.
1102 996 1166 1026 913
1177 1004 1242 1035 que
1253 994 1318 1033 GL,
1331 994 1421 1036 quod
1431 995 1477 1026 M.
1512 996 1574 1027 917
1586 1003 1712 1036 pompa.

174 1046 280 1077 etiam
300 1045 346 1076 M.
391 1046 454 1076 920
474 1044 628 1076 imitatus
649 1044 714 1083 GL,
735 1044 890 1077 imitatur
909 1045 955 1077 M.
999 1047 1063 1078 923
1083 1045 1201 1077 uincta
1221 1045 1259 1084 G,
1281 1049 1343 1078 aut
1362 1046 1427 1078 hoc
1448 1049 1511 1078 aut
1534 1046 1652 1078 iuncta
1671 1046 1710 1084 L,

173 1105 293 1128 mucra
307 1096 344 1127 M
360 1097 480 1136 (etiam
496 1096 550 1135 U).
600 1097 663 1128 924
680 1098 835 1128 aeternos
852 1096 932 1135 GL2,
949 1099 1088 1129 aeterno
1103 1096 1176 1128 LM.
1216 1098 1280 1129 925
1296 1097 1341 1129 sit
1356 1122 1362 1128 .
1381 1122 1388 1128 .
1405 1122 1412 1129 .
1428 1097 1578 1129 inuictus
1594 1122 1601 1129 .
1619 1121 1626 1129 .
1644 1122 1651 1129 .
1667 1097 1712 1129 sit

175 1147 241 1186 GL,
257 1147 305 1180 sic
320 1172 326 1179 .
346 1172 352 1178 .
371 1172 377 1179 .
394 1147 540 1179 nuncius
556 1172 562 1178 .
581 1172 587 1178 .
605 1172 612 1179 .
629 1146 677 1179 sic
691 1147 727 1179 M
741 1147 897 1188 (nuntius
911 1148 998 1188 ΠΒ).

682 1320 797 1347 BOOK
827 1321 866 1348 1:
909 1320 1205 1348 COMMENTARY

222 1398 262 1428 10
286 1395 394 1426 uincit
416 1398 444 1426 et
467 1395 600 1426 codices
622 1403 660 1426 IV
681 1396 746 1427 280
768 1396 805 1426 in
828 1395 904 1427 loco
927 1395 972 1427 ob
995 1396 1161 1427 orationis
1182 1396 1381 1428 iuncturam
1403 1399 1574 1438 suspecto,
1598 1405 1626 1428 11
1647 1397 1712 1428 849

175 1447 262 1478 inter
277 1447 384 1477 imum
399 1450 435 1478 et
450 1455 473 1477 v
489 1447 553 1478 384
575 1446 712 1478 Veneris
728 1450 756 1478 et
772 1445 838 1484 GL,
855 1455 893 1478 IV
909 1448 950 1479 53
964 1449 1075 1487 posse’t
1091 1447 1198 1478 alium
1213 1446 1285 1479 LM.

221 1500 261 1531 11
283 1498 427 1538 propius
440 1497 545 1538 fauet.
590 1497 708 1535 Quint.
729 1498 809 1529 inst.
833 1506 857 1529 x
879 1499 893 1529 1
917 1499 956 1530 91
978 1508 1073 1538 quem
1090 1498 1315 1538 praesidentes
1333 1498 1456 1531 studiis
1474 1499 1552 1531 deae
1568 1499 1713 1539 propius

174 1549 329 1580 audirent
342 1549 369 1587 .·⁹,
399 1548 501 1580 Mart.
520 1558 533 1580 Ι
550 1550 591 1581 70
611 1550 650 1580 15
665 1549 804 1590 propior
823 1560 923 1590 quam
939 1549 1090 1581 Phoebus
1107 1553 1202 1587 amet,
1220 1549 1301 1581 Luc.
1321 1559 1346 1581 x
1361 1552 1404 1582 47
1418 1550 1562 1591 propius
1578 1550 1714 1582 timuere

174 1611 310 1632 sarisas.

222 1653 263 1684 12
286 1661 403 1682 sensus
427 1661 489 1692 pro
504 1661 621 1682 census
637 1651 773 1683 codices
789 1660 818 1682 Π
834 1652 887 1688 69,
903 1651 940 1683 M
955 1660 983 1682 11
997 1653 1073 1688 457,
1089 1661 1206 1683 census
1221 1662 1284 1693 pro
1298 1662 1415 1683 sensus
1431 1652 1564 1684 codices
1579 1660 1607 1683 11
1623 1653 1698 1684 516.

222 1705 263 1735 13
286 1702 387 1734 redeo
417 1702 461 1733 ad
490 1703 729 1743 antiquiorum
760 1703 919 1734 codicum
947 1702 1130 1734 lectionem
1159 1702 1217 1734 hoc
1245 1703 1305 1734 sub
1332 1714 1414 1743 pace
1446 1707 1541 1735 uocat
1573 1707 1712 1735 tantum.

176 1764 258 1785 nam
278 1754 409 1785 tandem
428 1754 464 1784 in
484 1753 520 1785 M
539 1764 559 1785 a
579 1754 692 1794 prima
712 1763 821 1785 manu
841 1755 1011 1795 scriptum
1029 1754 1134 1785 fuisse
1154 1764 1224 1785 non
1243 1755 1328 1785 satis
1348 1757 1486 1786 constat
1505 1765 1548 1786 ex
1571 1765 1713 1796 apogra-

175 1805 324 1847 phorum
341 1804 437 1836 URH
454 1815 633 1842 consensu,
652 1806 724 1846 qui,
742 1808 783 1837 ut
800 1805 865 1837 hoc
884 1808 974 1842 utar,
993 1816 1094 1837 uersu
1112 1806 1154 1837 98
1171 1815 1289 1837 omnes
1306 1805 1447 1838 alterius
1468 1807 1714 1838 correctionem

175 1860 204 1888 et
228 1867 338 1887 rerum
363 1866 482 1888 causas
508 1856 673 1888 exhibent
699 1867 762 1898 pro
790 1867 900 1888 rerum
925 1857 1061 1893 causis;
1101 1857 1257 1888 ordinem
1282 1860 1401 1888 autem
1430 1857 1615 1889 uerborum
1644 1867 1714 1898 quo

178 1908 392 1939 diuelluntur
409 1908 499 1939 inter
517 1918 552 1939 se
578 1907 797 1939 cohaerentia
819 1907 879 1939 sub
900 1918 982 1948 pace
1006 1911 1041 1939 et
1064 1911 1193 1939 tantum
1215 1908 1441 1940 Manilianum
1465 1919 1537 1940 esse
1560 1919 1716 1950 compro-

177 1959 263 1990 bant
276 1967 289 1990 I
301 1960 364 1990 677
376 1969 426 1999 sq.
441 1962 570 1990 tantum
585 1983 592 1990 .
610 1983 617 1990 .
635 1983 641 1990 .
659 1962 776 1996 mente,
790 1967 818 1990 11
831 1960 896 1991 376
907 1958 1042 1999 sinqula
1057 1983 1064 1990 .
1082 1983 1089 1990 .
1107 1983 1113 1990 .
1131 1962 1270 1997 tantum,
1283 1968 1321 1991 rV
1333 1960 1396 1991 794
1401 1959 1487 2001 feris
1502 1984 1508 1991 .
1526 1984 1533 1991 .
1551 1984 1558 1991 .
1575 1964 1713 1992 tantum.

223 2012 264 2043 18
286 2020 351 2050 qua
367 2011 403 2041 in
420 2010 591 2041 Ciceronis
607 2020 709 2041 uersu
725 2013 810 2042 ante
827 2020 882 2042 me
898 2010 1090 2041 Dauiesius.

222 2063 264 2094 20
285 2061 407 2101 positis
429 2061 537 2092 lucent
559 2060 682 2092 altaria
700 2061 854 2102 flammis
877 2061 1046 2093 audacius
1069 2061 1202 2093 dictum
1225 2064 1278 2093 est
1299 2071 1406 2103 quam
1430 2063 1493 2094 890
1515 2062 1716 2094 coaceruatis

178 2112 334 2144 ardebant
352 2122 489 2152 corpora
507 2112 672 2150 membris,
695 2123 774 2144 cum
795 2113 922 2144 rectius
941 2112 1066 2144 altaria
1083 2122 1190 2153 quam
1207 2112 1368 2144 flammae
1386 2114 1468 2154 poni
1486 2113 1656 2151 dicantur,
1675 2116 1716 2145 ut

178 2164 267 2196 Stat.
294 2163 400 2195 Theb.
428 2172 453 2194 X
478 2164 541 2195 597
564 2174 674 2203 pone.
694 2187 701 2194 .
719 2187 726 2194 .
743 2163 878 2200 altaria,
904 2163 1003 2204 Verg.
1030 2163 1115 2195 Aen.
1141 2172 1165 2194 v
1188 2165 1253 2195 404
1274 2164 1397 2204 positis
1421 2165 1514 2202 aris3
1552 2164 1612 2196 sed
1636 2164 1716 2196 uide

180 2214 220 2246 Il.
241 2214 317 2246 Lat.
338 2216 379 2246 34
394 2215 548 2254 posuisse
566 2214 729 2246 altaribus
746 2214 850 2255 iynes,
870 2214 951 2246 Luc.
971 2223 1009 2245 VI
1026 2215 1090 2246 525
1102 2214 1261 2256 funereas
1282 2215 1352 2246 aris
1373 2215 1530 2256 inponere
1544 2215 1714 2257 flammas,

178 2265 267 2298 Stat.
285 2265 391 2296 Theb.
410 2274 435 2296 X
451 2266 515 2297 604
530 2269 699 2297 coronatos
715 2289 721 2296 .
739 2289 747 2296 .
765 2289 771 2297 .
789 2265 890 2305 iynes.

225 2318 267 2349 24
292 2316 393 2348 Ouid.
413 2317 503 2347 trist.
522 2325 545 2347 v
565 2318 604 2347 12
622 2318 665 2348 34
682 2317 782 2357 inque
799 2327 876 2347 suos
893 2316 988 2348 uolui
1003 2327 1111 2357 coyere
1127 2316 1227 2348 uerba
1244 2317 1366 2358 pedes3
1397 2317 1476 2349 uide
1494 2318 1601 2349 etiam
1621 2317 1716 2350 Man.

179 2376 207 2398 11
224 2369 286 2399 767
304 2367 479 2398 Pieridum
495 2368 644 2399 numeris
662 2367 761 2399 etiam
777 2367 955 2399 modulata.

224 2421 266 2451 25
290 2419 523 2449 coniecturam
541 2429 666 2455 meam,
685 2419 743 2450 cui
760 2419 884 2450 statim
901 2418 1055 2450 diffidere
1072 2420 1169 2460 coepi
1186 2429 1265 2451 cum
1281 2419 1495 2451 Vollmerum
1512 2422 1548 2452 et
1565 2420 1716 2452 Bollium

179 2479 256 2501 eam
276 2469 422 2510 probare
442 2469 650 2507 didicissem,
672 2480 765 2501 nunc
787 2469 909 2501 abicio.
957 2480 1062 2510 quem,
1084 2470 1178 2510 quod
1198 2471 1268 2502 iam
1287 2470 1313 2502 L
1332 2474 1424 2502 recte
1443 2471 1489 2502 ad
1508 2471 1654 2502 mundus
1673 2472 1716 2503 23

180 2520 375 2556 rettulerat,
401 2530 472 2551 non
496 2521 634 2561 proprie
659 2520 848 2552 relatiuum
873 2524 926 2552 est
951 2521 1011 2552 sed
1037 2522 1230 2552 orationem
1255 2522 1448 2559 continuat,
1475 2522 1572 2553 illum
1596 2525 1716 2560 autem,

181 2574 222 2602 ut
241 2571 302 2602 122
320 2583 327 2607 ;
359 2571 501 2602 interius
519 2571 726 2603 confirmant
743 2580 781 2602 Iv
799 2572 863 2603 908
883 2581 933 2612 sq.
953 2582 1011 2603 nec
1028 2571 1099 2603 sola
1109 2571 1220 2613 fronte
1237 2572 1371 2604 deorum
1389 2571 1393 2615 Ι
1410 2576 1579 2604 contentus
1596 2576 1716 2610 manet,

180 2626 209 2653 et
224 2621 351 2653 caelum
365 2625 530 2653 scrutatur
545 2622 583 2653 in
598 2622 675 2653 aluo
691 2634 699 2660 ;
763 2623 858 2653 terris
872 2633 935 2664 pro
951 2623 1148 2654 hominibus
1163 2627 1292 2655 terram
1307 2624 1547 2655 habitantibus
1563 2625 1717 2665 positum

180 2676 233 2704 est
248 2676 288 2704 ut
303 2672 385 2704 Luc.
403 2681 456 2703 VII
471 2674 546 2710 456,
564 2673 639 2704 Val.
657 2673 709 2704 ΕΙ.
726 2681 739 2704 1
755 2674 829 2710 631,
847 2673 905 2705 Sil.
923 2682 993 2704 XIII
1009 2674 1082 2705 790.
1121 2674 1174 2705 his
1186 2675 1337 2714 primum
1351 2699 1358 2706 .
1376 2699 1383 2706 .
1401 2699 1407 2706 .
1424 2675 1518 2706 licuit
1532 2685 1717 2715 cognoscere

181 2748 188 2755 .
206 2748 213 2755 .
231 2748 238 2755 .
254 2734 389 2754 munere
408 2723 583 2755 caelestum
600 2748 606 2755 .
626 2748 632 2755 .
650 2748 657 2755 .
674 2727 709 2754 tu
725 2724 885 2764 princeps
903 2728 1076 2765 auctorque
1094 2725 1192 2763 sacri,
1213 2724 1371 2766 Cyllenie,
1391 2726 1476 2757 tanti
1493 2725 1618 2757 similia
1636 2729 1718 2758 sunt

178 2775 292 2806 Gratt.
310 2776 394 2806 10-5
405 2775 556 2815 primum
570 2775 764 2815 auspicium
776 2774 857 2806 deus
869 2775 996 2807 artibus
1011 2800 1017 2807 .
1036 2800 1042 2807 .
1060 2800 1067 2807 .
1084 2775 1172 2807 dedit
1186 2801 1193 2808 .
1211 2800 1218 2808 .
1236 2800 1243 2808 .
1260 2780 1296 2808 tu
1311 2800 1318 2809 .
1335 2801 1343 2809 .
1361 2800 1368 2808 .
1384 2777 1502 2814 uitam,
1519 2777 1646 2814 Diana,
1660 2801 1668 2809 .
1684 2801 1691 2808 .
1707 2800 1715 2808 .

186 2826 326 2866 dignata
345 2827 482 2866 repertis
501 2824 506 2868 Ι
520 2830 683 2866 proteqere
701 2826 852 2858 auxiliis.
