1855 3088
569 138 1052 182 ASTRONOMICON
1082 138 1123 180 V
1558 140 1610 177 27

243 252 441 306 lentaque
460 252 665 293 conrectis
684 251 864 292 formare
884 250 1053 292 hastilia
1072 249 1206 299 nodis,

245 331 288 367 et
307 340 596 380 quaecumque
615 326 722 366 solet
741 325 925 366 uenandi
944 339 1112 379 poscere
1133 338 1233 365 cura

123 408 189 439 205
244 400 287 441 in
306 400 495 454 proprios
515 399 718 440 fabricare
738 399 860 440 dabit
878 399 1045 439 uenalia
1064 403 1278 453 quaestus.

298 488 395 515 cum
413 488 513 515 uero
532 473 577 514 in
595 478 740 514 uastos
760 478 902 527 surget
921 473 1154 513 Nemeaeus
1174 471 1316 512 hiatus

246 548 514 602 exoriturque
534 547 649 588 canis
668 547 881 602 latratque
901 546 1099 588 Canicula
1118 545 1311 586 flammas

84 719 90 726 .
111 718 118 725 .
137 718 144 725 .
164 693 362 725 micantibus
389 692 519 724 aethera
539 693 661 734 fixum,
691 703 780 734 quae
808 692 915 724 uerba
943 691 1104 723 Lambini
1130 690 1447 732 interpunctionem
1475 693 1615 721 secutus

86 755 126 776 eo
144 755 244 776 sensu
266 745 395 785 accipio
416 754 485 785 quo
505 744 703 775 Ennianum
723 743 1025 784 Vergilianumque
1046 742 1173 773 caelum
1194 741 1297 773 stellis
1313 740 1519 781 fulqentibus
1542 741 1616 772 siue

87 794 277 827 ardentibus
293 799 418 835 aptum.
466 805 536 826 non
559 798 688 826 temere
709 805 782 825 esse
803 795 942 826 uidetur
963 794 1057 835 quod
1078 793 1236 825 Grattius
1256 793 1292 823 in
1316 793 1377 824 108
1400 802 1449 833 sq.
1477 791 1615 822 ualido

83 846 216 887 primus
238 846 437 878 uenabula
466 846 577 878 dente
606 845 610 889 Ι
638 846 773 877 induit
801 845 946 877 uerbum
973 845 1090 886 posuit
1112 844 1206 885 quod
1233 844 1362 885 pariter
1385 842 1512 883 duplici
1536 853 1615 873 con-

86 898 275 929 structione
288 898 409 934 utitur,
423 900 540 938 potest
557 898 648 928 enim
665 897 748 928 dens
765 896 944 928 uenabulis
960 896 1057 927 indui
1076 895 1143 927 dici
1234 897 1298 928 203
1316 894 1474 925 correctis
1492 893 1617 925 Vlitius

86 949 132 980 ad
153 948 265 980 Gratt.
299 950 371 985 144,
394 948 559 980 contextis
579 948 654 986 GM,
674 950 834 980 contexos
852 947 888 979 L.
937 947 1152 978 contexendo
1172 957 1242 977 non
1262 945 1401 977 hastilia
1421 945 1618 976 formantur

85 1000 145 1031 sed
166 1000 263 1036 retia,
286 1000 420 1031 Nemes.
444 1010 520 1040 eyn.
545 1001 608 1031 300
631 1010 679 1040 sq.
702 999 820 1039 playas
841 998 997 1038 lonqoque
1020 998 1166 1029 meantia
1186 1000 1290 1028 tractu
1312 995 1316 1039 Ι
1336 996 1509 1027 addiscant
1530 995 1618 1026 raris

85 1061 212 1090 semper
239 1054 441 1082 contexere
471 1050 601 1081 nodis.
652 1050 828 1081 Bentleius
865 1049 979 1080 adfert
1015 1049 1073 1080 Sil.
1113 1057 1177 1079 XIV
1214 1049 1278 1079 320
1315 1058 1364 1088 sq.
1403 1047 1491 1078 trabs
1521 1046 1617 1087 fabre

85 1105 166 1132 teres
189 1105 283 1141 atque
311 1101 439 1132 erasis
467 1101 614 1141 undique
642 1101 758 1132 nodis
787 1099 791 1143 Ι
819 1100 938 1131 nauali
966 1099 1090 1131 similis
1120 1098 1216 1130 malo.
1270 1099 1352 1129 nodi
1381 1097 1506 1129 ramuli
1535 1101 1617 1128 sunt

87 1155 209 1183 trunco
228 1153 473 1193 prominentem
494 1152 620 1192 quibus
639 1152 816 1193 exputatis
836 1151 1076 1192 adleuatisque
1095 1150 1237 1181 enodari
1256 1150 1382 1180 dicitur
1402 1152 1437 1180 et
1456 1148 1497 1179 fit
1516 1151 1615 1179 teres.

87 1206 238 1235 ceterum
268 1204 309 1234 de
338 1203 520 1234 hastilibus
550 1204 719 1244 praecipit
749 1203 906 1234 Grattius
938 1203 1077 1239 127—49‚
1108 1202 1167 1242 qui
1197 1211 1283 1242 quos
1314 1201 1474 1231 Manilius
1503 1199 1616 1236 nodos,

87 1264 144 1286 eos
159 1255 364 1295 gemmantis
381 1265 498 1285 uersus
514 1254 669 1295 appellat
687 1256 748 1285 144
765 1257 800 1285 et
816 1255 905 1295 exigi
921 1253 1017 1284 iubet
1109 1255 1172 1285 204
1188 1260 1421 1292 quaecumque
1438 1251 1618 1282 Reinesius

86 1305 122 1336 in
138 1305 225 1337 Scal.
243 1305 294 1336 ed.
313 1306 332 1337 3
349 1316 381 1346 p.
401 1306 454 1342 21,
472 1304 676 1346 quicumque
692 1305 728 1336 M
743 1305 793 1336 illi
808 1305 957 1345 ignotus,
976 1304 1212 1345 quodcumque
1229 1302 1294 1341 GL,
1311 1303 1405 1343 quod
1422 1305 1461 1333 ut
1478 1302 1617 1333 defendi

87 1357 205 1397 possit,
233 1359 324 1387 certe
350 1357 475 1387 durum
501 1359 553 1387 est
579 1366 690 1397 neque
717 1366 777 1387 cur
802 1359 907 1396 poeta
933 1356 984 1387 ita
1009 1355 1104 1396 loqui
1131 1355 1291 1385 maluerit
1317 1353 1529 1394 intellegitur

132 1409 282 1440 206-250
311 1418 389 1438 cum
419 1407 531 1438 Leone
560 1408 716 1444 orientia,
747 1406 910 1438 Canicula
937 1410 973 1438 et
1003 1406 1122 1438 Crater
1213 1407 1364 1438 206-233
1394 1415 1473 1435 cum
1503 1405 1615 1445 prima

87 1461 185 1498 parte
205 1459 366 1499 primisue
385 1458 542 1499 partibus
562 1458 684 1490 Leonis
704 1459 814 1489 oritur
833 1457 1017 1490 Canicula:
1052 1457 1094 1488 de
1114 1457 1227 1488 Leone
1248 1456 1470 1487 consentiunt
1489 1455 1618 1486 Aratus

88 1509 152 1540 595
174 1512 209 1540 et
232 1509 397 1540 Eudoxus
419 1520 473 1550 ap.
498 1510 603 1550 Hipp.
629 1518 657 1540 ΙΙ
678 1510 697 1540 2
721 1510 773 1541 32.
822 1512 952 1540 certam
974 1508 1019 1540 ob
1043 1518 1183 1539 causam
1205 1507 1363 1538 adscribo
1386 1506 1479 1538 Seru.
1505 1516 1617 1547 georg.

89 1568 102 1589 1
126 1560 190 1591 218
215 1559 319 1590 Canis
340 1559 572 1599 paranatellon
595 1564 640 1591 est
665 1560 797 1597 Cancri,
819 1559 855 1591 id
874 1563 919 1591 est
937 1570 1012 1590 eum
1032 1570 1066 1590 eo
1085 1559 1212 1590 oritur:
1244 1583 1251 1589 .
1272 1583 1277 1589 .
1298 1583 1304 1589 .
1350 1557 1513 1597 Niqidius
1535 1567 1619 1587 corn-

89 1610 247 1641 mentario
280 1610 439 1650 sphaerae
471 1611 690 1642 Graecanicae
725 1611 851 1642 ‘oritur
883 1611 973 1642 enim
1006 1609 1172 1642 Canicula
1203 1619 1279 1640 cum
1313 1608 1464 1640 Cancro'
1557 1610 1622 1640 206

88 1670 269 1693 nemeaeus
293 1662 344 1693 ed.
371 1663 592 1703 quaternaria
615 1665 651 1693 et
674 1662 810 1699 Aldina,
836 1671 978 1693 nemeus
1001 1661 1075 1699 LM,
1099 1670 1142 1692 ne
1166 1669 1263 1692 meus
1288 1659 1315 1691 G
1404 1669 1480 1690 cum
1501 1662 1621 1699 suryet,

88 1712 240 1749 exoritur,
262 1721 275 1743 1
294 1713 359 1743 469
379 1723 428 1753 sq.
450 1722 526 1744 cum
545 1712 745 1753 implebitur,
767 1713 881 1749 nitent,
903 1713 962 1744 ubi
982 1723 1094 1753 pauca
1113 1722 1155 1743 ex
1177 1711 1296 1742 multis
1316 1710 1485 1742 similibus
1505 1710 1620 1741 attuli.

88 1767 195 1803 surqet
223 1763 267 1794 ab
295 1764 372 1795 edd.
404 1767 490 1795 uett.
520 1764 556 1795 in
583 1764 689 1804 surqit
718 1767 895 1796 mutatum
923 1764 1077 1795 restituit
1106 1763 1294 1798 Bentleius,
1324 1772 1441 1793 rursus
1469 1761 1623 1802 corrupit

92 1814 264 1845 Breiterus
355 1815 392 1845 in
426 1818 537 1846 uastos
571 1814 693 1852 hiatus,
729 1816 809 1847 uide
843 1816 886 1847 38
976 1814 1088 1846 hiatus
1124 1814 1131 1826 ‘
1146 1815 1294 1855 primam
1328 1816 1464 1854 partem
1499 1812 1623 1843 Leonis

91 1865 269 1906 intellegit.
317 1876 398 1896 nam
428 1868 464 1896 τὸ
493 1868 606 1905 χάσμα
634 1867 670 1897 in
699 1867 771 1897 eius
800 1867 979 1897 asterismo
1006 1866 1118 1907 prima
1144 1875 1224 1906 pars
1252 1865 1323 1895 eius
1351 1864 1426 1895 est’
1451 1863 1622 1903 Scaliger:

94 1916 184 1947 Ptol.
205 1919 296 1957 synt.
319 1926 371 1947 vn
391 1918 410 1947 5
431 1917 546 1957 (Heib.
569 1917 636 1948 uol.
658 1926 671 1948 Ι
690 1918 713 1948 ii
734 1928 765 1958 p.
789 1918 830 1949 96
853 1919 906 1957 18)
929 1918 944 1948 ὁ
968 1919 999 1948 ὲν
1023 1915 1068 1956 τῷ
1090 1918 1234 1955 χάσματι
1255 1916 1396 1956 (ἀστήρ),
1418 1915 1507 1945 adde
1531 1914 1622 1946 Man.

91 1976 129 1998 1v
160 1968 224 1999 536
256 1967 354 1998 malis
385 1967 584 1999 hiscentibus
676 1971 739 2001 207
773 1968 881 2000 ‘illud
912 1978 973 2008 que
1003 1967 1098 1999 canis
1130 1967 1291 1998 mendose
1322 1967 1455 1997 fertur.
1476 1990 1482 1996 .
1503 1990 1509 1996 .
1528 1965 1624 1996 canis

91 2021 126 2049 et
147 2018 301 2049 canicula
321 2019 412 2050 idem
434 2022 515 2050 sunt
531 2020 538 2031 ⁷
562 2019 749 2056 Bentleius,
772 2030 792 2050 a
813 2030 883 2060 quo
904 2030 1025 2050 uerum
1047 2019 1175 2050 discere
1196 2017 1382 2049 noluerunt
1404 2020 1440 2048 et
1463 2016 1624 2057 Scaligeri

91 2069 320 2106 mendacium,
346 2069 474 2101 Canem
498 2070 644 2111 signum,
671 2070 871 2102 Caniculam
895 2070 1032 2102 stellam
1056 2080 1139 2107 esse,
1164 2069 1365 2100 refouerunt
1390 2068 1564 2099 Breiterus
1588 2070 1623 2098 et

92 2119 377 2161 wageningenus.
436 2124 620 2162 utramque
645 2132 717 2152 rem
742 2125 890 2162 utroque
915 2122 1053 2152 nomine
1083 2121 1150 2152 dici
1174 2120 1341 2160 exemplis
1366 2119 1624 2150 demonstrauit

92 2170 252 2208 Huetius,
273 2171 435 2203 Canicula
454 2175 572 2203 autem
591 2173 726 2213 signum
745 2176 797 2204 est
816 2181 829 2203 Ι
847 2173 922 2209 396,
942 2172 1056 2213 idque,
1077 2182 1146 2202 non
1165 2171 1276 2207 stella,
1296 2170 1457 2201 latrantis
1475 2170 1624 2210 speciem

91 2221 207 2253 habet.
256 2223 420 2254 mendum
449 2224 496 2254 sic
527 2224 766 2264 corrigendum
796 2224 935 2255 uidetur
964 2227 1004 2254 ut
1034 2223 1135 2254 simul
1164 2222 1320 2258 tollatur,
1351 2231 1440 2262 quae
1470 2221 1555 2251 facit
1585 2223 1625 2251 ut

92 2275 273 2314 tamquam
297 2276 331 2304 ἐκ
354 2276 564 2313 παραλλήλου
586 2278 761 2315 ponantur
783 2275 958 2306 exoriendi
980 2274 1200 2314 latrandique
1223 2272 1339 2309 uerba,
1362 2282 1422 2312 que
1442 2271 1624 2313 particula,

91 2333 154 2354 nec
171 2324 259 2355 male
276 2324 484 2356 Schraderus
501 2326 645 2356 exoritur
668 2325 840 2357 candens
864 2326 1020 2362 coniecit,
1041 2335 1255 2366 quamquam
1274 2334 1344 2354 non
1363 2323 1514 2354 deterius
1533 2326 1623 2354 esset

93 2373 255 2416 <laeua>;
293 2376 352 2406 sed
372 2375 482 2407 altera
498 2377 607 2407 oritur
626 2376 811 2413 dubitatio,
836 2377 878 2407 de
897 2387 967 2417 qua
984 2377 1104 2407 statim
1125 2376 1279 2406 dicturus
1300 2385 1377 2406 sum
1466 2373 1625 2405 flammas

95 2423 196 2463 GLM,
209 2424 357 2457 fiammis
369 2426 420 2465 L2,
430 2427 613 2468 flammans
626 2427 785 2468 Scaliger,
799 2427 925 2468 quibus
938 2427 1141 2459 coniecturis
1154 2437 1241 2467 opus
1254 2437 1322 2457 non
1336 2435 1407 2456 esse
1420 2428 1455 2456 et
1467 2425 1626 2456 flammas

92 2475 218 2507 latrare
243 2477 309 2508 dici
334 2488 432 2518 posse
457 2488 546 2519 quae
571 2489 628 2509 eas
653 2479 774 2519 patulo
800 2489 857 2509 ore
881 2479 963 2509 edat
989 2478 1189 2509 Caniculam
1214 2478 1241 2508 si
1266 2476 1405 2518 probari
1430 2476 1559 2516 cupias,
1586 2485 1626 2506 ea

95 2537 177 2558 cura
201 2537 271 2558 non
296 2527 468 2560 Stoeberis
494 2529 656 2560 Breiteris
681 2529 954 2570 Wageningenis,
980 2530 1041 2570 qui
1065 2528 1179 2560 Germ.
1207 2528 1330 2569 phaen.
1358 2528 1422 2559 334
1446 2537 1499 2557 ore
1524 2525 1629 2557 uomit

88 2577 265 2617 flammam
289 2582 325 2610 et
350 2580 385 2610 in
409 2580 527 2611 lexicis
552 2581 734 2611 inuentum
760 2580 848 2612 Stat.
876 2580 982 2611 Theb.
1010 2589 1038 2611 11
1063 2581 1127 2612 338
1152 2589 1291 2619 maynas
1316 2577 1474 2609 latrantia
1497 2580 1628 2617 pectora

94 2637 191 2658 curas
213 2631 394 2669 tamquam
417 2630 542 2661 similia
563 2631 775 2667 adscribunt,
800 2642 920 2662 uerum
942 2631 1045 2672 paulo
1067 2634 1103 2662 et
1124 2629 1337 2662 doctioribus
1358 2632 1393 2660 et
1415 2627 1628 2659 acutioribus

95 2679 292 2710 hominibus
319 2680 562 2713 demandanda
587 2685 648 2713 est.
697 2683 801 2723 igitur
826 2683 891 2714 etsi
915 2693 985 2714 non
1009 2683 1084 2723 pari
1109 2685 1146 2713 at
1171 2685 1290 2713 tamen
1315 2680 1456 2721 suppari
1481 2679 1627 2710 audacia

96 2729 229 2761 Statius
245 2730 319 2761 silu.
338 2740 351 2762 1
367 2732 387 2763 3
404 2733 424 2763 5
441 2732 539 2763 illum
554 2743 611 2764 nec
627 2732 733 2764 calido
749 2733 885 2764 latrauit
901 2733 1014 2764 Sirius
1030 2737 1128 2769 astro,
1145 2742 1183 2764 rv
1199 2734 1219 2763 4
1238 2733 1277 2763 12
1294 2741 1343 2771 sq.
1356 2731 1442 2771 fuya
1457 2730 1547 2760 ueris
1565 2754 1571 2760 .
1591 2753 1597 2760 .
1618 2753 1625 2760 .

99 2779 222 2812 Icariis
242 2781 369 2814 caelum
389 2782 562 2815 latratibus
583 2784 660 2821 urit,
679 2784 802 2816 Culicis
820 2788 924 2826 poeta
945 2785 1009 2816 220
1031 2785 1073 2816 de
1094 2784 1239 2816 Cerbero
1260 2783 1345 2814 diris
1359 2782 1506 2822 flaqrant
1527 2779 1625 2811 latra-

97 2831 184 2863 tibus
202 2842 271 2870 ora,
291 2833 541 2866 Hermesianax
557 2846 611 2876 ap.
630 2835 755 2867 Athen.
773 2846 806 2877 p.
827 2837 913 2868 5970
932 2847 990 2868 uu.
1015 2837 1054 2868 10
1080 2846 1130 2876 sq.
1158 2836 1200 2867 de
1219 2835 1339 2866 eodem
1362 2834 1457 2864 κυνὸσ·
1478 2830 1482 2874 Ι
1503 2835 1535 2863 ἐν
1552 2833 1626 2872 πυρὶ
