1855 3088
570 125 1053 169 ASTRONOMICON
1083 125 1125 168 V
1557 128 1611 166 29

244 239 347 280 haec
366 238 440 280 ubi
458 253 501 280 se
520 243 653 292 ponto
672 252 746 292 per
764 237 921 293 primas
941 237 1095 280 extulit
1114 252 1220 287 oras,

244 318 487 354 nascentem
506 326 636 367 quam
654 326 730 353 nec
749 312 886 366 pelagi
904 311 1145 353 restinxerit
1163 312 1291 362 unda,

122 394 190 425 220
245 387 421 428 effrenos
441 386 602 427 animos
621 386 891 441 uiolentaque
910 392 1082 440 pectora
1100 386 1231 440 finget

243 461 483 516 irarumque
503 460 624 502 dabit
642 460 796 502 fluctus
815 460 1043 515 odiumque
1061 465 1308 514 metumque

243 535 376 576 totius
395 535 522 589 uulgi.
580 539 856 589 praecurrunt
874 534 1004 576 uerba
1023 534 1246 589 loquentis,

84 676 199 708 ualeat
214 677 308 718 quod
323 680 359 708 ut
374 677 422 708 ita
436 676 546 708 dicam
560 689 568 714 ;
597 677 694 708 cuius
709 676 819 707 simile
834 676 1031 717 exemplum
1046 677 1229 708 thesaurus
1243 675 1324 717 ling.
1342 675 1419 707 Lat.
1437 684 1480 706 m
1495 685 1529 716 p.
1547 675 1611 707 980

84 729 124 759 77
148 738 222 769 sqq.
248 732 283 760 et
306 739 339 769 p.
366 729 429 760 979
454 730 495 759 57
519 738 594 769 sqq.
620 738 691 759 non
714 727 837 759 attulit
860 738 972 768 neque
994 727 1068 768 ipse
1092 727 1270 768 antiquius
1294 727 1377 758 noui
1400 736 1506 768 quam
1531 726 1608 757 qu.

83 787 135 810 vn
152 780 215 811 237
233 779 348 819 exiqite
365 783 400 811 ut
417 789 520 811 mores
537 782 661 811 teneros
679 789 746 811 ceu
767 778 911 818 pollice
933 778 1050 810 ducat
1064 790 1072 809 :
1103 778 1192 810 adde
1211 778 1305 818 quod
1321 778 1385 810 hoc
1401 781 1519 809 cuncta
1533 780 1611 808 sunt

83 830 120 861 in
141 841 208 861 uno
229 830 355 862 lumine
377 830 519 862 obscure
541 840 581 861 ac
603 840 712 871 paene
733 829 860 861 insulse
882 829 1015 861 dictum
1037 829 1186 860 uidetur.
1233 829 1352 870 itaque
1373 828 1611 870 reponendum

81 884 168 922 puto
181 882 274 922 quod
287 881 461 913 Garrodus
473 881 518 913 ad
530 890 558 912 11
570 882 636 913 226
649 881 794 912 coniecit
806 891 873 912 uno
888 884 1097 912 censentur
1109 880 1246 917 lumine,
1259 884 1299 911 ut
1312 880 1416 911 solius
1429 879 1612 911 Caniculae

82 933 230 964 candore
252 937 455 964 cunctorum
478 943 598 964 census
621 935 778 964 constare
801 932 937 963 dicatur
958 942 1000 963 ex
1023 941 1132 972 eoque
1148 935 1274 963 cuncta
1290 931 1477 968 aestimari,
1493 930 1612 971 qualia

81 987 164 1015 sunt
190 984 265 1015 Val.
292 985 383 1016 Max.
411 993 434 1015 v
460 985 480 1016 3
506 987 575 1015 ext.
604 985 624 1016 3
650 983 816 1015 Aristides
833 1008 840 1015 .
860 1008 867 1015 .
887 1007 893 1015 .
911 994 974 1023 quo
1000 984 1100 1014 totius
1126 982 1281 1014 Graeciae
1307 982 1439 1014 iustitia
1464 985 1611 1014 censetur

82 1037 118 1065 et
144 1034 246 1066 Mart.
274 1044 288 1066 1
316 1036 353 1066 61
385 1036 404 1066 7
431 1039 578 1067 censetur
604 1035 728 1075 Apona
753 1035 856 1066 Liuio
882 1045 943 1066 suo
969 1034 1065 1065 tellus
1156 1035 1308 1066 218-233
1334 1034 1420 1065 facit
1448 1032 1610 1065 Canicula

80 1085 264 1117 iracundos
290 1089 396 1128 atque
422 1087 508 1118 adeo
533 1086 697 1123 rabiosos,
723 1086 874 1117 ferarum
899 1085 1215 1117 formidulosiorum
1241 1088 1433 1116 uenatores.
1482 1084 1610 1115 oblitus

82 1140 134 1168 est
153 1141 257 1178 poeta
276 1148 312 1169 se
331 1138 449 1178 quales
468 1138 533 1170 hac
554 1138 685 1169 zodiaci
704 1141 803 1178 parte
823 1140 983 1178 surgente
1002 1140 1190 1168 nascantur
1208 1137 1365 1168 homines
1384 1137 1485 1168 aliter
1503 1135 1610 1167 tradi-

81 1187 170 1219 disse
191 1197 229 1219 rv
250 1189 376 1220 535-41
471 1190 535 1221 218
554 1190 659 1230 ponto
681 1188 761 1227 (3122,
782 1190 887 1229 ponta
908 1188 971 1220 LM
1059 1187 1186 1229 primas
1208 1188 1282 1219 cod.
1306 1187 1418 1225 Bodl.,
1439 1186 1611 1229 proximas

82 1237 183 1277 GLM,
200 1250 289 1280 quae
305 1240 384 1277 duo,
402 1240 534 1280 primus
550 1243 586 1271 et
601 1240 751 1280 primus,
765 1240 871 1271 etiam
887 1239 989 1270 Mart.
1007 1247 1036 1270 Π
1053 1240 1093 1270 67
1111 1240 1130 1270 2
1147 1239 1289 1270 confusa
1305 1242 1387 1270 sunt
1403 1243 1438 1270 et
1454 1237 1610 1279 pluribus

79 1289 162 1321 locis
181 1302 201 1322 a
219 1291 373 1323 Vahleno
392 1292 510 1323 Herm.
530 1302 585 1322 an.
608 1292 692 1323 1910
710 1302 768 1332 pp.
789 1292 852 1322 303
871 1301 921 1331 sq.
941 1290 1103 1322 collectis
1151 1291 1230 1321 uide
1249 1299 1262 1320 Ι
1281 1290 1344 1321 643
1363 1290 1421 1321 ubi
1437 1300 1472 1321 se
1486 1289 1610 1330 primis

81 1341 202 1373 extollit
235 1343 385 1375 Phoebas
422 1343 461 1374 ab
501 1342 612 1374 undis.
675 1342 953 1373 emendationem
987 1352 1066 1373 cum
1095 1342 1254 1373 iterasset
1295 1342 1485 1378 Reinesius,
1518 1351 1608 1373 corn-

82 1398 305 1425 memorasset
327 1394 465 1425 Ellisius
486 1397 577 1425 noct.
596 1393 688 1425 Man.
706 1404 740 1434 p.
762 1394 834 1430 173,
853 1404 915 1434 ego
933 1393 985 1424 ed.
1003 1392 1062 1424 lib.
1082 1401 1095 1424 1
1112 1403 1145 1433 p.
1166 1393 1274 1424 xxviii
1292 1393 1472 1434 amplexus
1489 1402 1609 1429 essem,

81 1454 143 1484 pro
165 1455 226 1476 sua
247 1445 393 1486 protulit
415 1445 588 1476 Breiterus
609 1444 757 1476 absurde
777 1445 1038 1485 interpretatUS,
1061 1445 1116 1475 cui
1138 1444 1180 1475 de
1201 1447 1349 1484 utraque
1370 1455 1406 1475 re
1428 1444 1609 1485 VVagenin-

79 1505 185 1535 genus
201 1495 304 1528 fidem
319 1496 452 1528 habuit.
497 1507 622 1536 pronas
638 1496 712 1527 cod.
730 1495 820 1527 Flor.
837 1499 872 1527 et
887 1495 965 1526 edd.
982 1495 1146 1536 plerique,
1162 1495 1227 1526 hoc
1243 1499 1296 1526 est
1311 1496 1432 1536 opinor
1448 1495 1609 1532 deuexas,

81 1547 174 1586 quod
194 1547 275 1578 ferri
295 1558 394 1589 posse
415 1548 601 1579 iudiearem
623 1547 650 1578 si
672 1547 714 1578 de
735 1547 912 1579 occidente
939 1547 1048 1578 sidere
1072 1550 1231 1587 ageretur
1322 1549 1385 1579 219
1408 1549 1608 1584 nascentem,

81 1601 289 1638 surgentem,
315 1602 354 1630 ut
379 1607 407 1630 11
431 1600 494 1630 940
518 1602 553 1630 et
576 1599 705 1639 passim
797 1607 901 1638 quam
925 1606 987 1629 nec
1012 1597 1058 1636 M,
1085 1607 1187 1638 quem
1210 1597 1247 1635 L,
1272 1597 1302 1629 si
1326 1606 1427 1638 quem
1452 1597 1521 1629 GL²

124 1649 315 1681 restinxerit
338 1649 376 1689 G,
400 1649 609 1681 restrinxerit
632 1649 695 1681 LM
718 1649 793 1681 cod.
819 1649 971 1680 Venetus
1061 1649 1109 1680 sie
1133 1659 1272 1680 uersum
1295 1650 1368 1680 sine
1391 1650 1609 1681 coniecturae

80 1710 143 1740 ope
163 1701 386 1733 emendatum
405 1702 485 1733 dedi
504 1711 594 1732 anno
618 1701 712 1738 1900,
733 1701 911 1741 secutique
930 1704 1013 1732 sunt
1032 1701 1092 1741 qui
1112 1704 1233 1741 postea
1252 1704 1394 1741 poetam
1413 1701 1607 1732 ediderunt.

81 1750 286 1789 Bentleium,
305 1763 384 1784 cum
401 1753 463 1784 has
481 1753 567 1783 duas
584 1752 748 1783 lectiones
765 1755 857 1783 recte
875 1753 1119 1788 coniunxisset,
1138 1762 1208 1782 non
1226 1752 1443 1792 adquieuisse
1461 1753 1566 1783 miror

171 1806 234 1836 220
265 1804 370 1844 finget
400 1803 480 1842 GL2,
511 1803 609 1844 fingit
638 1803 701 1835 LM
798 1805 860 1836 221
891 1803 1015 1835 fluctus
1046 1803 1142 1834 Voss.
1174 1805 1188 1834 1
1222 1803 1359 1843 aliique,
1387 1803 1487 1835 fletus
1518 1802 1609 1835 GLM

82 1854 156 1885 cod.
185 1855 347 1887 Venetus.
396 1855 581 1887 Woltierus
608 1855 650 1885 de
677 1854 770 1886 Man.
799 1858 890 1895 poet.
920 1865 952 1895 p.
983 1855 1024 1885 56
1052 1854 1235 1895 adscripsit
1262 1854 1361 1886 Lucr.
1390 1863 1434 1885 111
1460 1855 1525 1886 298
1552 1865 1610 1886 nec

80 1915 195 1945 capere
215 1906 342 1937 irarum
355 1907 480 1947 fluctus·
501 1906 538 1937 in
556 1909 681 1945 pectore
700 1909 839 1945 possunt
860 1909 895 1936 et
915 1914 954 1936 VI
975 1907 1015 1936 74
1036 1916 1172 1945 magnos
1192 1905 1320 1936 irarum
1340 1906 1471 1937 uoluere
1484 1906 1611 1947 fluctus

81 1957 221 1995 (iterum
236 1957 336 1997 fletus
356 1957 460 1996 libri),
483 1957 608 1997 quibus
631 1957 770 1988 Ellisius
791 1960 883 1988 noct.
907 1956 998 1988 Man.
1023 1967 1056 1997 p.
1083 1958 1145 1987 174
1166 1956 1303 1988 addidit
1324 1957 1422 1997 Verg.
1446 1957 1531 1988 Aen.
1556 1966 1611 1989 ΧΠ

83 2009 142 2039 831
166 2009 293 2039 irarum
312 2012 418 2039 tantos
436 2008 548 2039 uoluis
566 2008 625 2039 sub
643 2012 768 2047 pectore
781 2008 928 2048 fluctus3
961 2007 1129 2038 accedant
1147 2007 1232 2038 Aen.
1254 2017 1291 2038 IV
1310 2008 1374 2039 532
1392 2009 1499 2039 saeuit
1518 2019 1610 2040 amor

82 2069 261 2099 maqnoque
277 2060 405 2090 irarum
414 2060 556 2100 fluctuat
572 2063 674 2095 aestu,
693 2068 747 2090 ΧΠ
764 2060 826 2090 527
837 2059 979 2099 fluctuat
995 2059 1048 2089 ira
1064 2059 1166 2096 intus,
1184 2059 1259 2090 Val.
1277 2059 1303 2089 F
1306 2059 1327 2090 1.
1345 2068 1388 2090 m
1405 2060 1467 2090 637
1484 2060 1612 2100 inqenti

86 2110 244 2141 Telamon
262 2111 331 2141 iam
342 2111 483 2151 fluctuat
502 2111 565 2147 ira,
585 2110 660 2141 Val.
680 2110 771 2141 Max.
792 2119 832 2140 IX
853 2111 866 2141 1
888 2110 963 2141 init.
984 2110 1036 2141 ira
1053 2120 1178 2150 quoque
1196 2114 1223 2141 et
1241 2110 1355 2141 odium
1373 2111 1410 2141 in
1426 2112 1611 2150 pectoribus

83 2161 239 2192 humani-s
257 2172 391 2202 maqrios
403 2162 528 2203 fluctus
544 2162 685 2192 excitant
702 2163 798 2201 (nam
817 2161 947 2192 Colum.
966 2170 979 2192 1
995 2161 1101 2202 praef.
1122 2163 1141 2192 8
1159 2161 1223 2192 sibi
1240 2161 1369 2193 habeat
1387 2162 1610 2195 Bacherlerus

81 2213 167 2244 thes.
193 2213 274 2254 ling.
302 2214 378 2244 Lat.
405 2222 443 2244 VI
467 2224 500 2254 p.
528 2214 592 2244 948
617 2214 684 2252 30).
736 2212 743 2224 ‘
758 2213 822 2243 Die
847 2212 1035 2252 konjektur
1052 2213 1177 2253 fluctus
1202 2213 1286 2244 vm'rd
1311 2223 1393 2244 man
1417 2213 1489 2245 also
1513 2214 1610 2246 nicht

83 2263 219 2305 billigen
235 2264 242 2277 '
282 2265 472 2296 Roeschius
508 2264 599 2295 Man.
638 2264 710 2295 und
749 2264 848 2295 Lucr.
886 2275 918 2305 p.
957 2264 1000 2294 42
1016 2276 1023 2300 ;
1073 2264 1169 2295 cuius
1206 2265 1395 2305 sapientiae
1424 2266 1610 2307 participes

82 2315 275 2347 Breiterum
295 2318 331 2347 et
352 2316 646 2356 Wageningenum
667 2316 851 2355 quominus
866 2315 966 2355 fletus
987 2315 1093 2346 etiam
1113 2315 1149 2346 in
1170 2315 1320 2347 Lucretii
1341 2326 1441 2347 uersu
1462 2317 1610 2348 retinen-

81 2366 165 2398 dum
185 2370 220 2398 et
240 2367 463 2408 prouerbium
483 2367 519 2398 in
540 2366 606 2398 Cic.
629 2367 714 2407 legg.
737 2375 781 2397 111
801 2367 843 2397 36
864 2369 956 2397 recte
977 2367 1023 2397 sic
1045 2366 1215 2397 traditum
1236 2377 1319 2403 esse,
1342 2367 1499 2399 excitabat
1520 2368 1610 2399 enim

73 2418 200 2459 fletus
229 2419 267 2449 iri
285 2418 442 2458 simpulo,
463 2418 711 2450 contenderent
731 2428 801 2448 non
820 2417 986 2449 iudicium
1005 2417 1183 2458 prohibuit
1203 2418 1263 2449 sed
1281 2418 1486 2459 ignorantia.
1531 2430 1610 2451 con-

81 2470 208 2500 trarius
235 2470 272 2500 in
301 2469 513 2510 quibusdam
539 2469 635 2500 libris
663 2479 757 2500 error
781 2468 862 2500 Luc.
895 2477 936 2499 1x
966 2469 1008 2500 59
1099 2471 1164 2501 222
1191 2472 1413 2510 praecurrunt
1441 2469 1507 2508 GL,
1535 2480 1610 2512 pro-

80 2522 221 2552 currunt
244 2521 280 2553 M
373 2520 557 2561 ‘loquentes
582 2522 679 2561 (casu
703 2521 812 2559 recto)
837 2523 1064 2561 praecurrunt
1089 2520 1206 2557 uerba,
1231 2524 1267 2552 et
1292 2522 1427 2552 animus
1451 2525 1504 2553 est
1528 2525 1611 2554 ante

82 2582 128 2603 os.
176 2572 263 2603 adeo
292 2575 480 2613 properant
510 2574 550 2602 ut
580 2571 764 2603 articulate
794 2571 1025 2612 distincteque
1054 2571 1150 2612 loqui
1179 2572 1377 2612 nequeant'
1409 2572 1609 2605 Bentleius:

80 2623 160 2654 uide
182 2624 415 2654 nominatiuos
437 2622 604 2654 seruantis
627 2631 640 2653 1
664 2623 724 2654 601
750 2625 787 2653 et
809 2622 933 2653 natalis
955 2631 999 2654 111
1022 2623 1097 2659 617,
1121 2623 1156 2654 in
1179 2622 1242 2654 LM
1264 2623 1388 2655 similis
1411 2632 1425 2654 1
1448 2624 1521 2656 804.
1570 2628 1610 2656 ut

80 2673 186 2705 uerba
202 2674 376 2715 loquentis
395 2675 494 2714 (aec.)
513 2677 749 2714 praecurrant,
768 2673 805 2704 id
822 2683 893 2705 non
910 2674 1008 2705 iratis
1027 2674 1153 2706 accidit
1170 2685 1292 2706 uerum
1310 2675 1464 2715 garrulis,
1484 2675 1610 2716 quibus

80 2736 149 2756 non
170 2729 250 2757 ante
272 2736 309 2756 os
329 2728 382 2757 est
401 2726 537 2756 animus
557 2724 618 2756 sed
637 2728 719 2756 ante
740 2725 895 2756 animum
916 2735 964 2762 os,
986 2725 1041 2757 uel
1061 2729 1101 2757 ut
1121 2726 1172 2757 ait
1192 2726 1362 2757 Isocrates
1382 2726 1427 2757 ad
1448 2726 1545 2758 Dem.
1567 2728 1606 2758 41

82 2779 102 2815 ἡ
128 2779 264 2815 ’γλῶσσα
292 2779 460 2817 προτρέχει
486 2778 549 2814 τῆσ
579 2778 733 2807 &avolum
781 2776 951 2817 pluralem
977 2787 1158 2808 numerum
1187 2776 1369 2808 confirmat
1395 2778 1508 2809 timent
1535 2779 1610 2815 228,

80 2839 142 2860 nec
171 2832 262 2861 recte
292 2828 451 2870 Scaliger,
481 2831 521 2860 ut
550 2829 813 2865 sententiarum,
843 2838 932 2869 quae
961 2827 1158 2865 uidebatur,
1187 2830 1453 2870 repugnantiam
1482 2830 1611 2862 uitaret
