1855 3088
150 115 204 154 26
742 112 803 153 M.
836 109 1088 154 MANILII

308 229 468 274 uenter,
490 229 534 265 et
552 223 641 278 ipse
660 223 803 278 gulam
822 223 982 265 Nereus
1002 238 1054 264 ex
1073 237 1253 278 aequore
1273 222 1422 278 pascit.

363 303 409 339 at
429 299 621 352 Procyon
640 298 789 348 oriens,
811 312 908 339 cum
926 298 1012 339 iam
1031 298 1231 339 uicesima
1251 297 1409 339 Cancro

309 373 572 427 septimaque
593 387 645 413 ex
664 373 788 413 undis
808 386 904 426 pars
925 386 1012 413 sese
1032 372 1208 426 emergit
1226 372 1270 412 in
1290 376 1417 421 astra,

309 452 489 488 uenatus
508 461 594 488 non
613 447 681 488 ille
702 447 873 501 quidem
892 461 1040 488 uerum
1060 461 1178 487 arma
1198 446 1347 487 creatis

185 528 254 559 200
309 521 493 562 uenandi
513 521 676 562 tribuit.
735 521 897 562 catulos
917 520 1077 562 nutrire
1096 520 1257 575 sagacis

310 601 353 636 et
372 609 502 650 genus
522 610 547 636 a
566 595 748 650 proauis,
770 609 906 636 mores
926 609 1145 636 numerare
1166 609 1239 649 per
1258 593 1395 644 urbes,

309 670 499 725 retiaque
520 675 563 711 et
581 670 724 711 ualida
743 669 954 711 uenabula
974 669 1146 724 cuspide
1166 669 1251 710 fixa

146 815 225 855 qula
242 840 249 847 .
269 840 275 846 .
296 840 302 847 .
322 815 431 846 maria
453 820 628 853 scrutatur,
648 840 654 847 .
674 840 680 847 .
701 840 707 847 .
726 815 832 847 nullis
856 815 1061 847 animalibus
1085 814 1155 846 nisi
1179 824 1218 846 ex
1235 813 1378 854 fastidio
1399 824 1471 854 paz
1493 816 1549 850 est,
1575 813 1617 844 95
1643 812 1684 844 19

146 866 284 898 luxuria
306 870 467 898 terrarum
490 867 656 907 marisque
678 867 852 903 uastatrix,
877 866 958 897 dial.
984 875 1039 896 XII
1066 868 1105 898 10
1131 866 1151 897 3
1176 865 1323 905 undique
1347 863 1533 896 conuellunt
1557 863 1685 900 omnia,

147 922 225 949 nota
247 918 369 958 iqnota,
387 917 579 959 fastidienti
599 918 706 959 qulae,
730 918 817 949 Plin.
842 918 912 949 n.h.
937 927 977 948 IX
1003 919 1064 949 105
1087 917 1125 948 iri
1146 917 1242 958 qula&
1263 916 1362 947 condi
1384 916 1503 953 maria,
1528 923 1619 946 XXVI
1640 915 1683 946 43

146 969 224 1001 huic
252 969 346 1009 (aluo
374 970 560 1009 humanae)
586 969 750 1010 profundi
777 969 867 1000 uada
894 969 1113 1009 exquiruntur
1205 971 1267 1002 195
1294 967 1449 999 luxuriae
1476 967 1684 1007 Regiomon-

146 1023 261 1057 tanus,
283 1020 418 1052 luxuria
438 1021 516 1051 libri
606 1021 685 1061 quia
707 1020 772 1059 GL,
795 1029 862 1061 qua
883 1020 919 1052 M
1007 1019 1138 1052 fastidit
1159 1021 1193 1051 et
1214 1019 1414 1055 Bechertus,
1430 1017 1581 1050 fastidiet
1595 1017 1686 1054 libri,

148 1075 188 1103 ut
216 1072 291 1103 qu.
316 1081 353 1103 VI
374 1073 437 1103 332
468 1072 529 1103 alii
553 1072 662 1103 ueniet
689 1072 748 1103 alii
777 1073 869 1103 uenit
899 1075 927 1103 et
1039 1071 1157 1108 orbem,
1188 1073 1317 1102 terram
1347 1071 1483 1107 siccam,
1514 1072 1555 1100 ut
1581 1077 1595 1100 1
1621 1069 1685 1100 302

147 1126 183 1154 et
201 1123 284 1154 locis
305 1123 353 1154 ibi
374 1123 511 1160 adlatis,
533 1123 659 1164 quibus
680 1123 769 1154 adde
790 1132 828 1154 1V
849 1124 914 1154 829
1004 1122 1158 1153 luxuriae
1178 1122 1259 1162 quia
1279 1126 1364 1152 terra
1382 1131 1516 1161 parurn,
1532 1119 1685 1161 fastidiet

147 1175 254 1206 orbem
275 1173 279 1217 Ι
299 1179 412 1206 uenter
431 1175 524 1206 idem
544 1178 597 1206 est
617 1185 657 1205 ac
678 1175 705 1205 si
727 1175 821 1205 dicas
841 1174 921 1214 quia
941 1178 1027 1205 terra
1044 1184 1169 1214 parum
1188 1177 1245 1210 est,
1264 1177 1439 1213 propterea
1456 1183 1581 1212 parum
1600 1171 1683 1209 eril;

147 1236 236 1266 quae
256 1226 292 1257 in
314 1226 469 1267 protasin
490 1229 525 1257 et
546 1226 715 1267 apodosin
736 1225 937 1257 distributio
957 1236 1077 1256 eorum
1098 1235 1187 1266 quae
1208 1225 1354 1256 eandem
1375 1224 1585 1255 sententiam
1606 1233 1684 1254 con-

148 1277 261 1308 tinent
283 1280 357 1308 tam
380 1277 520 1308 mirifice
541 1277 674 1318 placuit
695 1277 886 1308 editoribus
908 1279 949 1308 ut
969 1277 1209 1317 insequentem
1231 1286 1370 1307 uersum
1389 1274 1499 1315 pascit
1519 1275 1556 1305 in
1574 1277 1686 1315 pascet

147 1329 317 1360 mutando
352 1329 567 1370 corruperint
601 1339 643 1359 ne
677 1329 769 1360 hunc
807 1329 868 1360 195
903 1328 1086 1360 emendare
1120 1330 1333 1368 cogerentur.
1382 1336 1487 1358 causa
1520 1328 1686 1367 quaestus

147 1380 323 1421 piscatorii
342 1390 362 1410 a
381 1380 507 1411 saeculi
524 1380 662 1411 luxuria
680 1383 716 1411 et
733 1380 915 1411 fastidiosa
933 1379 1014 1420 gula
1031 1380 1210 1420 repetitur.
1260 1378 1420 1409 Becherti
1439 1377 1686 1409 correctionem

146 1432 276 1472 recepit
300 1431 440 1472 quidem
465 1431 740 1472 Wageningenus
764 1431 824 1462 sed
848 1431 935 1462 adeo
959 1441 1029 1462 non
1052 1430 1226 1461 intellexit
1250 1432 1290 1461 ut
1314 1429 1573 1460 distinctionem
1597 1438 1687 1469 quae

148 1485 228 1523 post
247 1483 308 1514 194
325 1482 432 1513 fiebat
450 1483 642 1514 tollendam
661 1492 733 1514 esse
753 1492 824 1513 non
843 1482 978 1513 uideret
1070 1484 1221 1515 197—205
1242 1491 1322 1512 cum
1336 1481 1524 1511 uicensima
1538 1479 1687 1520 septima

149 1533 270 1565 Cancri
289 1536 388 1574 parte
408 1534 517 1565 oritur
537 1534 717 1574 Procyon:
752 1534 936 1570 consentit,
957 1534 1016 1574 qui
1037 1533 1230 1564 consentire
1250 1542 1320 1563 non
1340 1531 1471 1568 debuit,
1493 1530 1687 1571 astrologus

149 1585 231 1615 anni
250 1588 330 1625 post
349 1585 523 1616 Christum
544 1586 608 1616 379
627 1585 662 1615 in
680 1584 841 1617 C.C.A.G.
859 1593 882 1615 v
896 1585 907 1615 i
922 1595 954 1625 p.
972 1585 1033 1615 201
1052 1585 1095 1614 24
1109 1594 1159 1624 sq.
1177 1596 1184 1620 3
1214 1583 1255 1614 de
1271 1584 1367 1624 signo
1383 1582 1504 1614 Cancri
1519 1582 1686 1613 Eudoxus

149 1647 203 1677 ap.
230 1636 335 1677 Hipp.
361 1645 389 1667 11
413 1637 432 1667 2
458 1637 497 1667 13
521 1639 556 1667 et
579 1636 705 1667 Valens
729 1647 761 1677 p.
788 1638 807 1667 8
831 1637 884 1673 28,
908 1636 1015 1667 etiam
1039 1635 1261 1676 Hipparchus
1284 1643 1327 1666 111
1352 1636 1367 1666 1
1396 1636 1446 1671 13,
1471 1643 1687 1675 quamquam

150 1691 286 1728 partem
310 1688 394 1719 dicit
417 1688 557 1719 tertiam
581 1690 617 1718 et
640 1688 820 1719 dimidiam
913 1690 975 1720 197
998 1695 1122 1719 cancro
1139 1686 1186 1725 M,
1204 1695 1328 1718 cancro
1345 1688 1396 1717 est
1414 1685 1478 1724 GL,
1497 1689 1543 1716 est
1560 1684 1687 1716 abiecit

147 1738 296 1779 Scaliger
331 1739 391 1770 sed
427 1739 550 1770 Cancri
584 1739 740 1770 nouauit.
789 1739 869 1769 uide
905 1739 965 1770 631
1004 1738 1160 1769 Piscibus
1253 1740 1315 1771 197
1341 1739 1404 1770 198
1439 1736 1603 1768 uicesima
1620 1760 1627 1767 .
1647 1760 1654 1767 .
1675 1759 1682 1766 .

147 1790 362 1830 septimaque,
387 1799 424 1821 Iv
448 1791 512 1821 466
536 1790 697 1821 uicesima
720 1794 747 1821 et
770 1790 882 1827 altera,
908 1790 968 1820 ubi
993 1789 1095 1820 huius
1121 1788 1186 1820 loci
1213 1789 1407 1820 meminisse
1433 1788 1547 1819 debui.
1594 1797 1687 1818 nunc

149 1841 240 1873 addo
266 1851 418 1873 monum.
446 1841 607 1873 Antioch.
636 1843 655 1873 8
679 1841 1002 1882 quadracensumum
1027 1844 1054 1872 et
1080 1840 1229 1877 alterum,
1255 1839 1315 1871 ubi
1340 1839 1467 1880 Ancyr.
1494 1839 1634 1870 alterum
1658 1841 1687 1869 et

148 1892 463 1933 quadraqerzsimum
555 1895 618 1926 198
641 1902 713 1924 sese
738 1892 818 1931 GL2,
837 1903 903 1924 om.
923 1892 1007 1924 LM:
1039 1902 1109 1923 non
1133 1894 1289 1933 praestat
1307 1891 1453 1922 scribere
1470 1890 1547 1932 <se>
1560 1900 1643 1930 pars

240 1947 391 1978 199-205
413 1944 499 1975 facit
522 1944 680 1984 Procyon
704 1944 763 1985 qui
787 1944 938 1975 uenandi
960 1944 1193 1974 instrumenta
1215 1946 1340 1984 parent
1362 1945 1398 1973 et
1421 1952 1522 1974 canes
1545 1941 1643 1973 alant

240 1998 302 2028 199
328 1998 391 2028 200
416 1995 529 2026 Gratt.
549 1997 590 2027 23
607 1999 635 2026 et
652 2006 746 2026 arma
762 1995 844 2026 dabo
861 1999 889 2026 et
906 1994 1056 2026 uenandi
1069 2004 1248 2034 persequar
1265 1997 1349 2025 artes
1441 1996 1505 2027 200
1520 1992 1687 2024 infinitiui

150 2046 276 2078 nutrire
297 2057 469 2077 numerare
484 2046 631 2087 formare
645 2046 812 2087 fabricare
832 2058 853 2078 a
873 2046 962 2078 dabit
983 2047 1046 2078 205
1067 2046 1224 2087 suspensi
1244 2048 1335 2076 sunt.
1384 2045 1543 2085 Procyon
1563 2043 1688 2075 creatis

150 2097 250 2129 dabit
273 2099 404 2129 nutrire
430 2098 564 2129 catulos
588 2101 623 2129 et
647 2098 816 2129 fabricare
841 2107 1080 2138 quaecumque
1105 2107 1192 2138 opus
1216 2099 1320 2133 sunt;
1359 2096 1454 2137 quod
1478 2095 1563 2137 quid
1587 2097 1688 2126 sonet

150 2150 178 2180 si
202 2149 279 2189 quis
304 2159 389 2190 puer
413 2149 560 2189 ignorat.
586 2149 614 2180 is
638 2149 749 2180 lexica
773 2152 808 2180 et
833 2152 925 2180 artes
950 2148 1065 2185 adeat,
1092 2148 1238 2179 Breiteri
1262 2150 1298 2178 et
1324 2146 1570 2189 Wagem'ngeni
1595 2156 1686 2177 com-

151 2200 338 2231 mentarios
368 2200 490 2241 fugiat,
517 2200 643 2240 quibus
674 2200 719 2231 ad
749 2200 935 2231 errandum
964 2210 1033 2230 una
1057 2199 1115 2230 uia
1142 2209 1212 2229 non
1237 2199 1322 2229 satis
1345 2197 1415 2229 late
1439 2197 1595 2239 patebat.
1644 2196 1687 2228 de

151 2251 311 2283 Cramero
332 2252 559 2288 mentiuntur,
581 2252 641 2292 qui
661 2252 725 2283 etsi
747 2252 903 2282 ordinem
924 2251 1108 2282 uerborum
1128 2260 1199 2281 non
1220 2250 1321 2291 cepit,
1343 2253 1435 2281 recte
1455 2252 1575 2281 tamen
1595 2258 1686 2280 com-

150 2303 289 2344 parauit
312 2311 350 2333 IV
376 2303 436 2334 193
461 2302 550 2334 (labit
572 2303 760 2344 perquirere
783 2306 818 2334 et
842 2312 864 2333 V
888 2303 995 2334 294—7
1089 2304 1150 2335 201
1175 2310 1196 2333 a
1218 2300 1355 2342 proauis
1379 2300 1460 2340 GL2,
1483 2299 1626 2342 aproaui
1648 2299 1685 2338 L,

150 2362 292 2395 aproam
320 2353 367 2391 M,
397 2362 436 2384 ac
465 2354 586 2394 proaui
614 2354 688 2385 cod.
720 2355 873 2386 Venetus
963 2353 1069 2389 urbes,
1100 2353 1254 2393 patrias3
1298 2352 1377 2383 uide
1406 2361 1445 2383 1v
1474 2352 1539 2383 734
1568 2351 1686 2391 ibique

150 2404 331 2435 adnotata.
379 2408 469 2435 recte
483 2404 678 2436 Gronouius
695 2404 766 2436 obs.
781 2414 810 2436 Π
826 2415 854 2436 c.
871 2406 922 2441 11,
937 2405 997 2445 qui
1011 2403 1160 2435 contulit
1177 2403 1289 2434 Gratt.
1311 2405 1374 2434 154
1390 2413 1440 2444 sq.
1459 2402 1549 2434 mille
1565 2411 1687 2433 canum

148 2455 280 2495 patriae
303 2455 454 2495 ductique
478 2456 517 2486 ab
541 2456 667 2495 oriyine
691 2466 795 2487 mores
816 2454 820 2498 Ι
840 2455 979 2496 quoique
1002 2465 1075 2491 sua,
1101 2455 1198 2486 Varr.
1223 2464 1279 2486 r.r.
1306 2463 1334 2485 Π
1358 2455 1378 2485 9
1401 2457 1421 2485 5
1445 2453 1629 2485 uidendum
1651 2455 1688 2483 ut

150 2506 228 2538 boni
247 2506 370 2537 semini
389 2507 467 2537 sint.
517 2507 624 2547 itaque
646 2511 673 2538 et
695 2518 715 2538 a
735 2507 924 2547 reqionibus
945 2506 1158 2546 appellantur
1178 2506 1334 2542 Lacones,
1359 2505 1535 2545 Epirotici,
1558 2503 1687 2536 Sallen-

149 2558 216 2589 tim·
308 2559 371 2590 202
399 2557 467 2589 fixa
496 2557 613 2595 GL²M‚
643 2558 726 2590 fixta
754 2558 790 2595 L,
820 2559 885 2591 hoc
914 2561 967 2589 est
989 2558 1081 2599 fixsa
1108 2558 1225 2598 potius
1254 2567 1360 2598 quam
1382 2557 1474 2598 ficta.
1521 2554 1689 2587 uenabula

150 2608 287 2649 cuspide
295 2609 379 2649 fixa,
395 2608 489 2649 quod
502 2609 685 2640 thesaurus
698 2610 778 2650 ling.
795 2609 871 2640 Lat.
887 2610 977 2640 inter
991 2609 1103 2640 aliena
1117 2612 1152 2640 et
1166 2608 1323 2649 uulgaria
1335 2608 1440 2640 refert
1453 2616 1492 2638 VI
1505 2618 1538 2648 p.
1555 2607 1618 2638 710
1633 2607 1687 2641 81,

150 2659 398 2701 interpretibus
433 2660 652 2691 notissimum
688 2661 733 2692 sit
769 2663 908 2702 oportet
942 2660 1106 2701 loquendi
1142 2670 1259 2701 genus,
1296 2662 1416 2691 tacent
1450 2659 1553 2690 enim.
1601 2657 1686 2688 mihi

149 2711 292 2742 licenter
321 2715 528 2751 usurpatum
558 2712 696 2742 uidetur
725 2711 789 2743 tali
816 2712 950 2743 ratione
980 2711 1087 2752 quali,
1117 2714 1158 2742 ut
1184 2711 1336 2752 praefixa
1364 2710 1501 2750 cuspide
1530 2712 1686 2750 myrtum,

151 2763 198 2793 sic
221 2773 344 2793 asseres
366 2762 561 2802 cuspidibus
581 2763 726 2804 praefixi
748 2763 884 2799 dicitur,
909 2762 1161 2803 significarique
1183 2762 1357 2793 uenabula
1378 2761 1485 2793 fixam
1508 2759 1685 2801 cuspidem

151 2813 339 2851 habentia3
378 2814 444 2845 etsi
470 2813 557 2845 nihil
583 2815 666 2845 noui
693 2815 787 2855 quod
814 2814 956 2855 propius
986 2814 1130 2846 accedat
1157 2824 1264 2854 quam
1297 2813 1396 2844 Lucr.
1426 2821 1449 2844 v
1476 2812 1559 2844 1205
1583 2808 1688 2842 stellis
