1855 3088
575 117 1057 162 ASTRONOMICON
1088 116 1129 158 V
1561 118 1614 156 55

249 233 469 288 ambiguus
487 237 623 274 terrae
643 237 790 287 partus
809 230 1028 286 pelagique
1048 234 1226 271 creatur.

249 322 361 357 nam,
382 308 500 349 uelut
519 307 607 362 ipse
627 306 720 348 citis
740 305 971 360 perlabitur
991 318 1173 359 aequora
1193 303 1331 357 pinnis

128 389 196 421 420
249 396 360 423 nunc
380 396 592 422 summum
612 381 803 422 scindens
823 379 994 433 pelagus
1013 393 1125 419 nunc
1145 378 1232 418 alta
1251 376 1450 431 profundi

251 460 295 497 et
313 456 472 496 sinibus
491 455 600 496 uires
620 455 749 496 sumit
768 453 1027 507 fluctumque
1047 452 1214 506 figurat,

251 530 322 580 sic,
343 530 462 570 uenit
480 544 533 570 ex
548 529 618 570 illo
639 528 839 583 quisquis,
861 526 1061 568 uolitabit
1079 526 1124 566 in
1141 525 1278 566 undis.

251 617 361 645 nunc
381 604 543 645 alterna
562 603 698 644 ferens
717 602 761 643 in
779 602 915 643 lentos
934 599 1129 642 bracchia
1149 604 1311 641 tractus

92 830 138 862 ad
156 839 199 862 111
218 832 282 863 324
372 830 533 872 delphino
553 840 716 871 squamas
735 840 756 861 a
775 832 901 860 natura
920 830 1063 869 negatas
1082 830 1206 868 poetae
1225 826 1340 867 largiti
1359 829 1464 857 sunt:
1498 823 1620 856 attulit

93 881 241 923 Scaliger
273 882 372 914 Ouid.
407 885 487 913 met.
522 890 565 912 111
596 882 660 912 675
751 881 904 913 418-448
937 879 1023 910 facit
1056 878 1249 919 Delphinus
1283 879 1473 912 natatores,
1506 875 1619 906 urina-

93 934 194 970 tores,
222 934 442 974 petauristas,
470 943 623 964 cursores
714 934 777 964 418
804 930 914 972 pelagi
940 931 1053 961 nescio
1080 939 1149 970 quo
1177 939 1258 959 casu
1286 929 1474 963 Burtonus,
1501 925 1621 967 pelago

92 982 181 1021 libri,
203 987 243 1015 ut
263 983 345 1015 Luc.
368 993 392 1015 v
413 985 454 1016 50
476 984 721 1025 palimpsestus
744 982 933 1018 Bobiensis,
956 991 1018 1012 nec
1041 981 1154 1011 minus
1176 989 1336 1021 peruerso
1358 988 1469 1010 errore
1491 977 1584 1008 Man.
1608 985 1621 1008 1

95 1035 158 1066 650
175 1034 318 1075 caelique
335 1035 441 1066 imum
465 1038 628 1075 terraque
651 1044 844 1074 supremum
866 1032 939 1070 LM,
958 1032 1059 1063 Aetn.
1078 1032 1143 1063 599
1167 1034 1269 1062 terra
1294 1029 1477 1069 dubiusque
1503 1027 1621 1059 maris-

95 1095 156 1126 que
172 1085 316 1117 dimidia
335 1096 413 1127 pars
434 1086 602 1117 codicum.
651 1085 730 1116 uide
747 1093 784 1115 rv
802 1085 865 1116 795
889 1083 1112 1122 ambiquum
1140 1082 1235 1113 sidus
1265 1085 1462 1120 terraeque
1486 1079 1621 1110 maris-

93 1146 172 1176 que.
220 1138 508 1174 emendationem,
528 1138 570 1168 de
593 1147 663 1178 qua
686 1136 731 1167 ad
754 1145 781 1167 11
803 1137 863 1167 231
885 1135 1074 1176 disputaui,
1094 1144 1173 1165 cum
1191 1144 1261 1164 non
1278 1133 1422 1173 recipiat
1440 1131 1622 1171 VVagenin-

93 1198 200 1228 genus
224 1199 263 1220 ac
286 1199 329 1220 ne
352 1191 598 1220 commemoret
621 1188 774 1229 quidem,
798 1190 917 1218 tamen
940 1187 1200 1227 interpretatur,
1228 1184 1235 1197 ⁵
1250 1184 1430 1224 ambiguos
1453 1186 1565 1213 terrae
1589 1183 1625 1212 et

98 1240 201 1271 maris
229 1240 344 1272 foetus
360 1240 368 1253 ’
460 1242 595 1271 creatur
621 1239 667 1276 M,
696 1240 830 1270 creatus
857 1237 911 1269 GL
1003 1239 1066 1269 421
1093 1235 1230 1268 senibus
1256 1235 1335 1266 libri
1361 1237 1402 1265 ut
1428 1234 1491 1265 392
1520 1231 1623 1268 GLM,

101 1289 108 1302 ‘
122 1299 139 1321 e
154 1301 217 1332 pro
237 1291 261 1328 i,
282 1292 402 1332 prisce,
420 1291 456 1322 id
477 1294 529 1322 est
549 1290 680 1321 sinibus
697 1289 703 1302 '
727 1290 763 1320 F.
783 1290 914 1320 Iunius.
962 1287 1124 1329 uulgaris,
1142 1290 1182 1318 ut
1198 1286 1348 1322 uidetur,
1364 1285 1496 1316 formae
1513 1293 1625 1325 pauca

97 1341 255 1383 exempla
276 1342 411 1383 collegit
433 1341 658 1373 Woelfflinius
682 1341 773 1372 arch.
800 1340 876 1371 Lat.
899 1339 964 1370 lex.
990 1347 1015 1369 X
1036 1349 1069 1380 p.
1093 1339 1154 1369 451
1248 1336 1379 1368 sinibus
1400 1335 1490 1367 uires
1511 1334 1623 1366 sumit.

99 1395 108 1408 ⁶
120 1402 199 1423 eum
212 1393 248 1424 in
260 1403 373 1424 aerem
386 1393 484 1424 exilit
496 1392 688 1434 Delphinus
699 1395 734 1423 et
744 1402 848 1433 supra
859 1400 987 1431 aquam
998 1389 1183 1426 attollitur,
1196 1398 1321 1419 curuus
1333 1389 1488 1428 apparet.
1537 1385 1573 1416 id
1586 1385 1626 1415 fit

98 1453 141 1474 ex
156 1445 377 1475 contentione
392 1447 427 1475 et
441 1445 525 1476 nixu
539 1454 609 1484 quo
624 1453 710 1484 opus
725 1446 777 1474 est
791 1442 836 1473 ad
851 1442 979 1473 saltum
995 1453 1003 1478 ;
1031 1451 1155 1482 corpus
1169 1440 1261 1471 enim
1275 1439 1427 1470 flectitur
1441 1440 1476 1469 et
1491 1440 1626 1468 contra-

98 1494 194 1526 hitur
210 1495 246 1526 in
262 1498 400 1526 conatu.
448 1495 579 1526 sinibus
598 1495 714 1535 igitur,
731 1494 796 1525 hoc
815 1496 868 1524 est
887 1495 1075 1524 curuatura
1091 1494 1126 1522 et
1142 1491 1274 1522 flexura
1290 1490 1441 1530 corporis
1457 1489 1521 1525 sui,
1538 1488 1627 1519 uires

98 1546 206 1577 sumit
221 1546 229 1559 '
256 1546 417 1584 Huetius,
443 1547 504 1587 qui
529 1549 712 1587 poetarum
736 1545 829 1576 locos
853 1544 974 1575 attulit
997 1543 1058 1575 ubi
1081 1542 1274 1583 Delphinus
1297 1551 1432 1577 curuus,
1456 1549 1626 1575 recuruus,

96 1597 243 1636 pandus,
255 1597 434 1638 repandus,
444 1597 730 1628 incuruiceruicus
741 1595 938 1637 appellatur
1013 1593 1158 1625 fluctum
1167 1593 1214 1631 M,
1223 1593 1376 1624 fructum
1387 1591 1452 1623 GL.
1485 1590 1628 1631 fluctum

92 1647 229 1688 fiyurat,
255 1648 382 1680 fluctus
406 1649 555 1680 formam
579 1651 783 1688 motumque
806 1648 1055 1688 repraesentat,
1080 1644 1159 1676 uide
1182 1653 1220 1675 IV
1244 1644 1318 1675 723.
1368 1642 1469 1674 Ouid.
1495 1644 1560 1673 art.
1586 1649 1629 1672 111

101 1700 163 1731 148
197 1699 322 1731 similes
350 1700 510 1740 fluctibus
528 1724 534 1731 .
555 1723 561 1730 .
582 1724 589 1732 .
607 1699 704 1730 sinus
739 1698 952 1739 capillorum.
1001 1697 1085 1728 satis
1119 1699 1211 1727 recte
1247 1695 1444 1735 Pingraeus,
1480 1692 1628 1724 absurde

100 1749 216 1791 Fayus
242 1754 392 1788 enarrat,
416 1761 565 1792 quorum
592 1750 843 1781 diuersissimae
866 1748 1169 1789 interpretationes
1193 1746 1449 1787 Wageningeno
1472 1754 1535 1785 pro
1558 1753 1628 1774 una

99 1801 289 1843 eademque
313 1805 395 1834 sunt
486 1804 550 1834 422
573 1802 615 1833 de
640 1801 757 1832 ordine
776 1800 962 1832 uerborum
977 1798 1057 1830 uide
1073 1807 1101 1829 Π
1120 1799 1182 1829 169
1199 1797 1316 1837 ibique
1333 1796 1514 1832 adnotata,
1531 1805 1627 1836 prae-

99 1855 194 1884 terea
212 1861 240 1884 Π
259 1854 321 1885 820
414 1855 565 1886 423-425
584 1853 653 1884 (1110
671 1851 817 1883 natandi
834 1861 959 1891 genera
975 1862 981 1882 :
1014 1849 1174 1885 alterum,
1194 1851 1313 1879 nostro
1332 1856 1487 1878 sermone
1509 1846 1515 1858 ‘
1531 1845 1628 1876 trud-

99 1914 187 1944 geon
221 1904 369 1942 stroke',
405 1904 572 1935 Romanis
611 1903 887 1938 usitatissimum,
924 1900 1018 1942 quod
1053 1900 1186 1931 alterno
1222 1898 1460 1930 bracchiorum
1495 1898 1629 1928 iactatu

100 1954 142 1986 fit
159 1965 238 1986 cum
256 1965 367 1996 aquae
385 1954 508 1996 plausu
527 1954 642 1995 (Ouid.
663 1954 733 1986 her.
754 1961 847 1984 xvm
866 1954 908 1984 58
927 1951 1089 1983 lactabam
1108 1949 1258 1981 bracchia
1277 1949 1374 1986 lenta,
1395 1957 1461 1979 XIX
1479 1949 1522 1979 48
1541 1947 1628 1978 lenta

101 2005 252 2037 bracchia
270 2006 379 2043 iactat,
398 2008 479 2037 met.
500 2014 523 2036 v
541 2006 605 2037 596
623 2015 759 2036 excussa
777 2003 927 2035 bracchia
946 2003 1041 2039 iacto,
1060 2012 1102 2033 ex
1121 2001 1222 2032 Pont.
1243 2008 1257 2031 1
1275 2001 1294 2031 6
1313 2001 1365 2036 34,
1386 1999 1467 2030 Luc.
1488 2007 1530 2029 111
1554 1999 1629 2035 651,

103 2057 178 2094 662,
195 2057 294 2089 Ouid.
312 2057 364 2088 Ib.
381 2058 445 2088 589
457 2066 518 2097 per
531 2056 672 2087 alternos
684 2055 874 2096 pulsabitur
888 2053 981 2085 unda
995 2053 1138 2089 lacertos,
1155 2052 1256 2093 Prop.
1274 2060 1287 2082 1
1303 2052 1339 2082 ll
1360 2051 1414 2089 12)
1432 2062 1438 2087 ;
1468 2049 1627 2085 alterum,

102 2107 292 2149 Anglorum
313 2108 320 2120 ‘
337 2108 452 2140 breast
470 2107 618 2145 stroke’,
639 2107 703 2138 sub
726 2116 818 2147 aqua
843 2105 1002 2137 bracchia
1025 2103 1215 2144 aequaliter
1238 2102 1442 2138 diducentis,
1463 2100 1557 2142 quod
1580 2101 1628 2131 sic

103 2158 265 2191 describit
286 2159 431 2191 Nonnus
452 2159 553 2190 Dion.
577 2167 630 2189 VII
655 2159 772 2194 185—9‚
797 2159 912 2197 χεῖρασ
936 2157 1141 2197 ἐρετμώσασσ.
1166 2154 1205 2186 δι’
1231 2156 1348 2185 ὕδατοσ
1372 2155 1483 2192 ἔτρεχε
1507 2149 1625 2194 κούρη·Ι

104 2212 154 2242 καὶ
187 2212 331 2250 κεφαλὴν
363 2213 511 2242 ἀδίαντον
545 2212 709 2249 ἐκούφισεν
742 2211 842 2246 ἴδμονι
874 2209 974 2247 τέχνῃ
995 2205 999 2250 Ι
1020 2209 1074 2247 ὕψι
1109 2206 1325 2243 τιταινομένην
1357 2205 1435 2244 ὑπὲρ
1465 2205 1629 2241 οἴδματοσ,

104 2264 178 2302 ἄχρι
206 2263 329 2300 κομάων
352 2260 356 2304 Ι
377 2263 583 2302 ὑγροβαφὴσ,
612 2263 664 2292 καὶ
690 2262 819 2300 στέρνον
847 2260 1082 2299 έπιστορέσασα
1109 2258 1223 2298 ῥεέθρῳ
1246 2254 1250 2299 Ι
1271 2258 1386 2287 ποσσὶν
1414 2256 1629 2294 ἀμοιβαίοισιν

105 2314 269 2354 ὀπίστερον
306 2315 401 2344 ὤθεεν
436 2315 515 2353 ὕδωρ
605 2312 695 2343 inter
730 2313 792 2344 423
825 2314 860 2342 et
893 2312 958 2342 424
991 2308 1156 2340 excidisse
1190 2317 1328 2339 uersum
1362 2305 1500 2347 qualem
1534 2305 1630 2342 finxi,

105 2363 251 2395 uerbum
271 2363 409 2395 finitum
431 2364 677 2399 continentem,
699 2373 742 2393 ex
763 2361 1010 2403 grammaticae
1033 2359 1225 2391 rationibus
1249 2361 1406 2399 apparet,
1431 2356 1633 2388 abundante

105 2414 146 2448 in.
167 2415 232 2445 424
259 2415 511 2452 coniunctione,
539 2415 594 2446 cuj
627 2413 803 2445 Bentleius
834 2422 923 2443 nunc
953 2411 1144 2442 substituit.
1193 2409 1288 2450 quod
1319 2408 1466 2440 Iacobus
1497 2408 1634 2448 scripsit

105 2464 266 2506 explausa
298 2469 422 2507 aptum
453 2476 524 2497 non
556 2468 632 2497 est:
678 2464 825 2505 simplici
856 2463 962 2494 uerbo
993 2472 1095 2493 usum
1126 2461 1279 2493 Statium
1309 2459 1384 2491 silu.
1416 2468 1430 2490 1
1460 2460 1479 2491 3
1508 2459 1549 2490 73
1580 2468 1631 2499 sq.

105 2519 222 2548 natatu
244 2515 248 2560 Ι
265 2516 399 2557 plaudit
415 2527 519 2557 aquas
536 2515 712 2548 Bentleius
729 2515 924 2551 adnotauit,
942 2513 1031 2545 adde
1047 2513 1175 2544 Auson.
1194 2511 1278 2543 Mos.
1298 2512 1362 2543 344
1377 2509 1552 2551 plaudenti
1570 2533 1577 2540 .
1597 2533 1604 2540 .
1624 2533 1631 2540 .

100 2566 230 2608 flumen
250 2568 420 2608 pepulisse
438 2571 564 2599 natatu.
612 2577 730 2598 uersus
753 2576 823 2607 qua
842 2565 883 2596 de
903 2575 1006 2596 causa
1025 2564 1191 2595 exciderit
1215 2565 1371 2603 superest
1395 2561 1572 2597 indicium,
1590 2560 1633 2591 de

107 2628 176 2659 quo
192 2622 272 2660 post
286 2620 351 2650 424
367 2619 500 2650 dicetur
591 2620 655 2651 423
670 2625 762 2649 nunc
778 2616 866 2648 Flor.
884 2619 920 2647 et
937 2615 1048 2651 Bodl..
1062 2614 1142 2646 huic
1157 2614 1204 2652 M,
1220 2613 1300 2645 hinc
1313 2612 1367 2644 GL
1379 2612 1453 2643 cod.
1468 2612 1632 2647 Venetus,

107 2669 160 2700 hic
183 2673 219 2701 et
242 2671 307 2701 424
331 2680 421 2701 nunc
442 2669 567 2710 plausa
591 2668 768 2700 Bentleius
858 2668 987 2698 tractus
1012 2666 1086 2698 eod.
1113 2665 1279 2701 Cusanus,
1305 2665 1417 2695 tactus
1442 2662 1533 2694 GLM
1557 2661 1632 2693 eod.

108 2720 260 2752 Venetus
274 2724 310 2752 et
323 2722 393 2752 iam
407 2721 486 2752 inde
501 2721 545 2752 ab
561 2720 688 2752 Iacobo
703 2719 862 2755 editores
877 2728 959 2749 nam
974 2717 1155 2759 prioribus,
1171 2719 1212 2747 ut
1226 2716 1322 2752 mihi,
1338 2717 1480 2746 natator
1494 2713 1635 2745 alternis

110 2771 276 2804 bracchiis
302 2782 430 2813 aquam
456 2775 609 2813 tangere,
637 2774 672 2802 et
698 2770 790 2802 lente
816 2773 968 2811 tangere,
996 2769 1064 2800 dici
1089 2778 1189 2809 posse
1214 2777 1285 2798 non
1311 2765 1507 2798 uidebatur.
1557 2764 1633 2795 Oct.

107 2821 179 2854 fab.
199 2823 263 2855 354
279 2832 329 2864 sq.
355 2822 536 2855 bracchia
564 2821 720 2863 quamuis
749 2820 853 2853 lenta
884 2820 1097 2852 trahentem
1117 2818 1334 2860 naufragam,
1359 2816 1458 2849 Ouid.
1483 2818 1565 2847 met.
1598 2823 1636 2846 1v
