1855 3088
185 129 264 166 130
479 125 540 166 M.
574 124 824 166 MANILII
855 123 1338 166 ASTRONOMICON
1369 123 1409 164 V

227 239 291 271 552
314 237 395 268 Luc.
415 246 436 268 V
457 238 521 268 638
542 246 591 277 sq.
614 239 803 277 quantum
825 235 989 267 Leucadio
1009 235 1165 276 placidus
1186 235 1224 266 de
1246 237 1364 267 uertice
1384 239 1538 276 pontus
1556 233 1560 277 Ι
1575 235 1715 276 despi-

181 289 299 319 citur.

228 342 291 372 557
315 350 376 380 pro
395 344 402 355 ‘
419 348 454 370 1v
472 340 536 371 393
552 338 559 351 '
580 338 652 379 lege
672 338 679 349 ‘
695 347 731 368 [v
749 339 812 370 394
829 338 848 374 ’,
867 337 990 368 deinde
1008 337 1110 378 paulo
1129 340 1207 378 post
1227 338 1234 349 ‘
1250 346 1277 368 11
1295 339 1358 368 714
1378 348 1416 368 ne
1433 347 1540 377 uaqus
1555 361 1561 368 .
1580 361 1587 368 .
1605 361 1612 368 .
1629 347 1713 368 erres

182 391 335 422 restituit
353 390 403 426 L²‚
423 390 483 421 ubi
501 389 593 421 GLM
611 400 668 420 nec
685 389 817 420 habent
833 401 840 425 ;
873 389 907 419 in
926 398 937 419 1
957 390 1020 420 904
1039 388 1097 420 ubi
1118 399 1174 420 nec
1193 388 1309 419 mirere
1328 387 1392 425 GL,
1414 399 1453 419 ne
1473 388 1650 428 mirereque
1667 387 1716 426 M,

183 442 321 481 utrique
338 440 527 482 particulae
543 443 700 481 praestat
715 450 780 471 neu
796 451 803 476 ;
834 440 918 471 item
935 449 1000 470 neu
1016 439 1093 470 talis
1110 439 1225 470 mirere
1242 439 1372 470 conicio
1390 448 1411 469 v
1428 440 1504 475 231,
1522 439 1582 470 ubi
1599 449 1717 470 omnes

184 503 252 529 nec,
271 492 330 523 sed
347 492 384 523 M
400 492 476 528 alis,
495 492 559 523 hoo
577 494 629 523 est
647 501 687 522 ne
704 490 792 527 talis,
811 490 905 531 quod
924 490 1037 531 ipsum
1056 500 1176 521 uerum
1194 500 1266 521 esse
1284 493 1400 530 potest
1416 502 1423 526 ;
1455 492 1633 530 praeterea
1651 499 1716 521 neu

185 547 212 574 te
228 568 234 574 .
252 567 259 574 .
277 568 284 574 .
300 554 380 574 cura
402 543 566 583 relinquat
589 551 627 573 IV
650 543 726 579 502,
751 541 811 573 ubi
834 551 892 573 nec
916 540 982 579 GL,
1006 551 1047 572 ne
1069 540 1128 572 M.’
1176 544 1330 572 ceterum
1353 541 1397 572 ob
1421 541 1567 572 aliorum
1590 550 1719 572 errores

184 594 315 626 adnoto
332 604 396 626 neu
412 603 441 625 Π
458 595 532 631 868,
550 603 632 625 neue
649 594 713 625 786
729 595 907 624 seruatum
924 603 1006 624 esse.

229 648 292 679 560
316 655 418 687 quem
431 648 511 687 post
524 645 615 676 huno
628 644 848 676 inserendum
861 645 990 675 conieci
1001 653 1151 680 uersum,
1165 644 1193 675 is
1204 653 1245 674 ea
1255 643 1297 674 de
1308 653 1413 674 causa
1423 643 1590 674 excidisse
1603 645 1721 684 potest

184 707 289 738 quam
306 698 340 728 in
358 697 489 728 Lucani
505 697 667 732 editione,
682 706 715 737 p.
735 697 804 732 xix,
823 695 1090 726 homoeomeson
1103 694 1277 736 appellaui
1293 694 1490 735 (surgentia,
1503 694 1720 735 linquentia).

232 751 294 782 5¹71
319 749 417 789 Verg.
432 758 544 789 georg.
559 756 573 779 I
587 748 648 780 137
662 757 712 788 sq.
727 746 829 778 stellis
844 771 850 778 .
869 771 875 778 .
894 771 900 778 .
917 746 1055 778 nomina
1062 745 1142 787 fecit
1164 744 1168 789 l
1189 745 1356 783 Pleiadas,
1372 745 1522 786 Hyadas,
1536 745 1721 786 claramque

186 799 352 840 Lycaonis
382 800 517 837 Arcton,
548 799 633 830 Aen.
666 807 719 830 VII
750 799 791 830 62
822 808 872 838 sq.
900 797 1067 838 ferebatur
1082 822 1089 829 .
1107 822 1113 828 .
1132 822 1138 828 .
1155 797 1333 828 Laurentis
1349 821 1355 828 .
1373 821 1380 829 .
1399 821 1405 828 .
1421 807 1540 828 nomen
1569 797 1721 836 posuisse

187 850 322 888 colonis,
340 851 414 882 Liu.
434 859 447 882 I
466 852 480 882 1
503 852 539 882 11
560 850 615 881 cui
631 850 819 881 Ascanium
834 852 988 889 parentes
1004 849 1113 880 dixere
1131 859 1260 885 nomen,
1280 857 1383 879 XXXV
1399 850 1441 880 47
1459 850 1479 879 5
1489 847 1578 889 filiis
1595 847 1722 879 duobus

187 902 390 942 Philippum
405 905 500 942 atque
515 901 746 934 Alexandrum
761 904 789 932 et
798 900 894 942 filiae
910 900 1080 940 Apamam
1096 900 1235 931 nomina
1251 900 1453 940 inposuerat.

233 956 297 987 574
319 954 463 994 quinque
480 953 517 984 in
531 956 642 993 partes
658 964 665 984 :
690 952 770 984 uide
787 952 832 983 ad
848 961 890 983 111
906 953 972 983 458
988 951 1167 983 adnotata.

234 1007 297 1038 576
320 1005 470 1036 Perithoi
485 1004 584 1036 Ouid.
602 1004 671 1035 her.
688 1013 726 1034 1v
742 1005 815 1040 110,
831 1003 907 1034 Sen.
926 1003 1053 1034 Phaed.
1070 1004 1145 1038 244,
1164 1003 1259 1039 1235,
1280 1001 1450 1033 Teresiam
1464 1001 1577 1033 Plaut.
1594 1001 1719 1042 Amph.

190 1058 285 1093 1128,
312 1058 407 1093 1145,
433 1057 509 1087 qu.
535 1064 605 1086 XIII
627 1056 703 1092 249,
727 1055 844 1086 Serius
867 1054 968 1086 Mart.
994 1063 1031 1085 Iv
1056 1055 1097 1085 66
1123 1055 1162 1085 13
1186 1053 1341 1085 meliores
1364 1053 1443 1084 libri
1457 1065 1465 1090 ;
1502 1055 1723 1093 cataporatem

188 1107 296 1139 Lucil.
313 1118 367 1149 ap.
385 1107 466 1138 Isid.
484 1108 565 1148 orig.
584 1115 649 1138 XIX
664 1108 684 1137 4
702 1108 741 1138 10
757 1106 811 1146 (fr.
832 1107 911 1137 1191
930 1105 982 1136 ed.
1000 1105 1137 1144 Marx.),
1154 1105 1217 1136 hoc
1233 1108 1285 1136 est
1299 1107 1516 1144 cataperaten.

235 1161 299 1192 584
321 1158 420 1190 Lucr.
445 1167 467 1189 v
490 1159 554 1190 518
576 1157 666 1189 lucia
686 1157 765 1189 libri
786 1168 848 1199 pro
870 1156 992 1189 lucida.
1040 1156 1139 1197 Verg.
1164 1156 1248 1187 Aen.
1273 1164 1313 1187 XI
1334 1156 1398 1187 337
1420 1155 1553 1195 obliqua
1574 1154 1720 1186 inuidia.

189 1210 283 1251 quod
299 1209 420 1241 inuida
434 1219 577 1241 munera
592 1209 756 1240 dicuntur
770 1218 859 1249 quae
874 1208 919 1239 ab
934 1208 1053 1239 inuido
1068 1207 1288 1248 praebentur,
1305 1206 1414 1238 simile
1429 1209 1481 1238 est
1496 1206 1614 1238 Claud.
1632 1209 1722 1247 rapt.

191 1261 284 1292 Pros.
316 1270 344 1292 11
373 1262 437 1293 336
465 1271 533 1292 non
561 1271 648 1301 aqua
680 1259 852 1291 Tantaleis
880 1259 1073 1290 subducitur
1102 1258 1223 1289 inuida
1252 1257 1353 1289 labris
1369 1270 1376 1294 ;
1418 1257 1530 1289 multo
1559 1257 1724 1288 audacius

190 1312 326 1344 Persius
356 1312 493 1344 recutita
523 1311 668 1348 sabbata,
700 1310 876 1342 quenalis
905 1310 1040 1350 qarrula
1068 1309 1228 1350 pericula.
1278 1312 1430 1340 ceterum
1457 1308 1555 1340 deme
1585 1308 1592 1321 ‘
1606 1317 1634 1339 11
1661 1309 1722 1339 521

190 1363 292 1396 altera
308 1374 390 1404 quae
407 1364 445 1395 in
461 1363 580 1395 bellum
594 1363 615 1400 ',
632 1363 693 1394 ubi
708 1362 786 1393 libri
802 1362 975 1402 alteraque.

237 1418 300 1449 599
324 1424 337 1446 1
366 1416 429 1447 675
458 1415 601 1456 instemus
616 1439 623 1446 .
641 1439 648 1446 .
666 1439 672 1445 .
689 1414 787 1450 orbis,
818 1415 880 1445 692
910 1414 1042 1454 (gyrus)
1071 1423 1148 1444 suos
1175 1412 1289 1443 sinuat
1311 1412 1433 1452 flexus.
1481 1411 1562 1443 Luc.
1594 1419 1633 1442 IX
1662 1411 1726 1442 694

191 1470 301 1498 stemus
322 1477 384 1507 pro
399 1466 509 1507 flexus
531 1466 604 1497 cod.
630 1466 729 1497 Bern.
753 1466 817 1497 370
834 1477 841 1502 ;
876 1465 977 1496 Mart.
1002 1473 1024 1495 v
1045 1465 1084 1495 41
1109 1465 1129 1496 3
1150 1467 1260 1495 sextus
1281 1474 1343 1504 pro
1364 1466 1469 1494 sectus
1489 1475 1521 1502 γ.
1570 1461 1724 1493 Maneth.

190 1526 217 1549 11
243 1518 327 1550 61-3
356 1519 499 1558 δίνῃσιν
528 1518 655 1555 ὀιόμεθά
683 1522 791 1556 σφεασ
819 1513 1218 1558 ἄστρωνικυκλοῦσθαι,
1250 1517 1351 1555 τάπερ
1379 1516 1477 1546 αὐτὸσ
1504 1515 1633 1554 arapha
1660 1515 1725 1545 αἰὲν

189 1571 294 1609 ἀγινεῖ
310 1567 314 1612 Ι
332 1571 465 1609 οὐρανὸσ
484 1572 516 1601 ἐν
533 1570 752 1609 στροφάλιγγι
770 1570 839 1607 περὶ
857 1569 960 1607 χθόνα
979 1569 1048 1598 δῖαν
1065 1568 1212 1598 ἑλίσσων.

237 1623 299 1653 601
324 1629 347 1651 V
364 1622 427 1652 222
445 1619 608 1660 loquentis
624 1622 660 1650 et
677 1628 720 1650 ΠΙ
737 1620 799 1650 617
817 1618 940 1650 natalis
956 1618 1045 1655 libri,
1063 1627 1076 1649 1
1093 1619 1156 1649 804
1172 1617 1297 1649 similis
1313 1616 1386 1648 LM.

238 1673 301 1704 606
325 1671 391 1703 Cic.
410 1671 454 1703 ad
469 1671 543 1703 Att.
562 1680 626 1702 XVI
643 1672 682 1702 10
701 1672 715 1701 1
733 1673 912 1701 statueram
928 1694 934 1700 .
952 1694 959 1700 .
978 1693 984 1700 .
1001 1672 1086 1700 recta
1101 1669 1220 1708 Appia
1238 1668 1388 1705 Romam,
1405 1668 1486 1699 Luc.
1503 1676 1517 1698 1
1531 1668 1595 1700 220
1611 1667 1728 1708 ibique

193 1722 374 1759 adnotata,
399 1731 423 1753 X
446 1723 521 1759 306,
546 1721 634 1753 Stat.
659 1721 766 1753 Theb.
792 1730 814 1751 v
836 1722 900 1752 472
924 1731 973 1761 sq.
999 1731 1072 1752 mea
1094 1720 1191 1750 litora
1213 1719 1308 1751 rectis
1331 1717 1334 1762 Ι
1352 1722 1595 1759 praeteruectus
1617 1718 1726 1759 aquis,

193 1773 251 1805 Sil.
270 1782 298 1805 Π
317 1775 377 1805 172
395 1773 527 1813 rapitur
542 1773 678 1804 sinuata
693 1783 752 1812 per
768 1782 910 1812 aequora
925 1782 1034 1803 curru.

239 1827 300 1858 611
326 1825 405 1864 iuya
438 1824 625 1856 Chelarum.
668 1823 821 1855 Maneth.
858 1832 886 1854 Π
921 1824 1027 1854 136—8
1062 1824 1167 1860 Χηλαὶ
1199 1822 1238 1860 θ’,
1274 1824 1315 1853 ἃσ
1347 1824 1398 1853 καὶ
1435 1823 1472 1860 δὴ
1505 1822 1727 1861 μετεφήμισαν

191 1878 303 1916 ἀνέρεσ
327 1875 476 1919 ἱροὶΙκαί
504 1877 606 1916 Ζυγὸν
635 1877 821 1913 ἑκλήισσαν,
849 1877 915 1906 ἐπεὶ
944 1874 1108 1905 τετάνυνθ’
1137 1875 1302 1914 ἑκάτερθεν
1323 1871 1404 1916 Ιοῖαί
1432 1885 1491 1913 περ
1519 1875 1727 1913 πλάστιγγεσ

193 1930 244 1958 ἐπὶ
261 1930 358 1967 ζυγοῦ
374 1929 566 1965 ἑλκομένοιο.

241 1981 304 2011 616
327 1979 406 2010 uide
426 1980 499 2010 804.
547 1978 688 2018 uestiqia
707 1988 768 2018 pro
781 1977 923 2018 fastiqia
942 1986 984 2008 111
1004 1978 1067 2008 625
1087 1976 1168 2008 Vrb.
1190 1977 1264 2013 667,
1285 1975 1373 2008 Stat.
1394 1975 1501 2007 Theb.
1522 1984 1547 2006 X
1566 1976 1630 2007 746
1649 1974 1725 2006 cod.

195 2040 294 2066 unus,
307 2029 449 2070 sastiqia
464 2040 527 2070 pro
543 2029 684 2068 uestiyia
701 2029 777 2060 qu.
797 2037 834 2059 VI
853 2030 893 2059 14
910 2028 986 2059 Par.
1006 2029 1090 2060 8072
1108 2038 1150 2059 ex
1167 2037 1251 2059 corr.

240 2083 303 2114 619
327 2091 389 2122 pro
410 2081 623 2112 Matritensis
644 2082 762 2121 pectus
784 2080 877 2111 haud
899 2080 970 2111 scio
991 2090 1035 2110 an
1056 2079 1159 2110 scribi
1180 2081 1342 2120 oporteat
1354 2077 1494 2119 fertur.
1541 2080 1634 2108 recte
1651 2087 1728 2108 con·

194 2134 337 2164 trariam
355 2133 587 2164 mutationem
604 2131 688 2163 fecit
705 2132 953 2172 Hertzbergius
971 2131 1072 2172 Prop.
1092 2140 1130 2163 1V
1146 2132 1165 2161 4
1183 2132 1235 2162 72.

242 2185 304 2216 631
328 2183 385 2215 hoc
402 2194 464 2224 pro
480 2183 537 2214 hos
553 2183 632 2214 libri
647 2183 754 2214 etiam
769 2191 807 2213 IV
826 2183 887 2214 180
904 2185 940 2214 et
957 2182 1031 2218 696,
1051 2181 1150 2213 Ouid.
1169 2181 1238 2213 her.
1258 2189 1283 2212 X
1302 2182 1362 2212 147
1380 2180 1418 2217 P,
1436 2180 1517 2211 Luc.
1537 2189 1561 2211 X
1581 2181 1642 2211 128
1659 2179 1708 2211 Z2.

242 2236 306 2268 637
329 2238 357 2266 et
378 2238 456 2276 post
477 2245 510 2265 es
530 2234 695 2266 excidisse
715 2237 751 2265 et
771 2233 1030 2274 interpolationi
1050 2233 1164 2264 locum
1185 2232 1318 2264 dedisse
1338 2231 1477 2263 uidetur
1497 2232 1603 2262 etiam
1625 2231 1724 2263 Ouid.

197 2289 278 2317 met.
297 2295 310 2316 1
326 2287 389 2317 302
405 2286 574 2326 siluasque
590 2289 696 2317 tenent
712 2284 882 2325 delphines
898 2288 926 2316 et
943 2284 992 2324 (M
1008 2284 1109 2315 Laur.
1129 2283 1238 2320 Plan„
1256 2283 1293 2314 in
1308 2282 1341 2314 N
1358 2282 1454 2314 Harl.
1472 2282 1602 2324 Ampl.)
1620 2281 1697 2313 altis
1719 2280 1723 2325 Ι

198 2336 370 2368 incursant
386 2337 499 2368 ramis.

243 2389 306 2421 647
329 2388 428 2429 Verg.
447 2388 531 2419 Aen.
551 2397 603 2419 VII
619 2389 684 2419 218
707 2390 873 2419 extremo
904 2386 1070 2418 ueniens
1101 2386 1220 2417 sol...
1239 2384 1387 2425 Olympo.

243 2441 307 2472 652
329 2439 495 2479 redditque
510 2451 517 2470 ε
543 2439 622 2470 uide
639 2439 684 2470 ad
700 2447 722 2469 V
740 2439 803 2469 614
819 2438 998 2469 adnotata.
1048 2438 1101 2468 hio
1119 2436 1208 2467 male
1225 2437 1370 2468 haberet
1387 2439 1414 2467 et
1431 2439 1498 2467 aut.

244 2491 307 2523 655
332 2490 418 2521 Plin.
454 2490 524 2521 n.h.
562 2499 589 2521 11
625 2490 687 2522 136
719 2489 873 2529 partibus
907 2489 955 2520 eis
988 2498 1071 2528 quae
1105 2499 1126 2519 a
1157 2487 1425 2528 septentrione
1456 2485 1654 2518 descendunt
1685 2485 1728 2517 ad

198 2543 381 2580 teporem,
407 2549 525 2571 XXXVI
544 2541 605 2572 186
622 2544 726 2572 tractu
743 2543 865 2580 tepente
882 2539 940 2580 (al.
958 2540 1111 2579 repente).

244 2593 307 2624 656
331 2601 387 2622 nec
407 2594 488 2622 ante
508 2602 562 2622 me
582 2591 769 2623 Salmasius
789 2590 875 2621 Plin.
897 2601 1005 2622 exerc.
1028 2601 1055 2621 e.
1078 2598 1211 2620 XXXVII
1230 2591 1277 2630 (p.
1298 2590 1363 2620 464
1382 2589 1435 2620 ed.
1457 2599 1511 2620 an.
1536 2589 1646 2627 1689),
1666 2588 1726 2628 qui

199 2645 318 2673 tamen
341 2643 549 2673 sententiam
573 2642 659 2673 adeo
681 2652 751 2673 non
774 2644 951 2673 assecutus
974 2644 1026 2672 est
1049 2644 1089 2672 ut
1111 2644 1199 2671 mota
1221 2641 1256 2671 in
1279 2643 1371 2671 muta
1393 2639 1600 2680 deprauaret
1622 2638 1727 2679 idque

198 2693 483 2734 interpretaretur
518 2693 710 2724 antarctica
725 2704 732 2724 ε
781 2702 849 2723 non
884 2695 1012 2723 tantum
1027 2716 1034 2723 .
1052 2716 1058 2723 .
1077 2716 1083 2722 .
1100 2701 1157 2723 nec
1192 2694 1314 2731 septem
1328 2715 1335 2721 .
1353 2715 1359 2722 .
1377 2714 1384 2722 .
1401 2700 1458 2721 nec
1493 2693 1585 2721 muta
1600 2714 1606 2720 .
1625 2713 1632 2721 .
1649 2714 1656 2720 .
1672 2688 1728 2720 sed

199 2753 409 2783 quocumque.
458 2743 500 2774 de
523 2743 677 2774 immotis
700 2744 802 2774 astris
824 2742 904 2774 uide
925 2743 1006 2774 Luc.
1029 2751 1068 2773 IX
1089 2744 1152 2774 540
1173 2742 1282 2782 seqnis
1303 2741 1487 2782 Cynosura,
1509 2740 1597 2772 Stat.
1619 2739 1726 2771 Theb.

199 2803 212 2825 1
236 2795 295 2826 371
327 2794 427 2826 Temo
449 2794 553 2834 piyer,
576 2793 677 2826 Mart.
702 2803 741 2825 1X
765 2796 807 2825 45
830 2795 851 2825 2
876 2794 1052 2825 Getici...
1068 2793 1177 2824 sidera
1199 2793 1297 2833 piqra
1320 2792 1401 2833 poli,
1427 2792 1542 2824 Sidon.
1566 2802 1593 2822 c.
1617 2800 1639 2822 v
1663 2791 1727 2822 472

196 2845 376 2885 lanquidus
392 2845 476 2877 axis.
