1855 3088
531 132 721 174 LIBRO
755 132 803 173 Π
835 130 1139 173 ADDENDA
1256 96 1261 100 ¹
1526 130 1604 168 143

74 253 122 275 xv
141 245 215 281 871,
236 247 329 284 gyrata
348 244 420 275 uice
440 244 523 275 Hor.
546 254 650 275 carm.
673 253 685 274 Ι
703 245 723 274 4
746 245 758 274 1
781 246 817 275 et
837 244 916 274 Luc.
939 252 977 273 1x
997 244 1072 279 998,
1093 252 1229 273 caueam
1247 240 1447 272 clamoribus
1467 239 1604 279 implere

77 295 174 336 Verg.
193 295 276 326 Aen.
297 304 319 326 v
335 296 398 327 340
416 305 465 336 sq.
484 298 520 326 et
536 295 594 326 Sil.
614 304 677 325 XVI
694 296 767 326 472.

121 349 183 378 619
207 355 289 386 qum
305 347 421 388 potius
437 345 476 377 G.

119 398 181 430 621
207 397 287 428 Luc.
304 405 342 428 VI
356 398 420 428 253
436 397 592 436 inponere
610 399 637 428 ΙΙ
657 407 698 428 ex
712 407 812 428 uersu
826 396 997 437 superiore
1012 406 1072 436 pro
1086 395 1124 426 in
1136 398 1271 435 pectore.
1322 394 1434 425 minus
1448 396 1484 424 et
1500 392 1603 432 maqis

74 448 216 479 confusa
231 450 313 479 sunt
328 448 434 479 etiam
450 448 549 479 Ouid.
567 458 609 478 ex
626 448 725 478 Pont.
744 456 785 478 111
802 448 821 479 9
837 448 890 483 23,
907 447 1017 477 maius
1033 449 1068 477 et
1084 446 1198 477 minus
1215 448 1296 476 met.
1315 454 1339 475 x
1355 445 1428 476 315.

121 499 185 531 629
207 498 279 539 lege
299 498 306 510 ‘
320 497 502 538 chelaeque
518 500 551 529 et
569 498 744 529 Bentleius
759 498 779 529 ⁷.

119 551 183 582 638
206 548 296 580 cordi
310 550 346 580 in
361 549 425 580 hoc
441 552 476 580 et
491 549 592 580 huius
608 549 782 580 simillimo
798 558 898 580 uersu
914 557 1018 588 quem
1033 558 1075 579 ex
1091 547 1213 578 Lucilii
1229 547 1286 577 lib.
1305 555 1327 577 v
1342 546 1456 577 adfert
1471 545 1604 577 Nonius

73 610 106 641 p.
127 601 199 636 173,
219 610 299 631 uera
315 603 423 631 manet
439 600 600 631 sententia
615 599 715 636 cordi,
734 600 761 630 si
779 610 841 640 pro
857 599 1030 630 adiectiuo
1046 609 1115 629 non
1132 601 1194 635 est,
1213 597 1352 629 datiuus
1373 600 1435 633 est,
1453 599 1493 627 ut
1513 595 1602 627 Stat.

73 650 147 682 silu.
167 659 180 681 Ι
195 652 214 681 2
231 652 273 682 58
288 651 358 691 ipsi
373 651 508 682 animus
523 651 671 682 nondum
686 661 743 682 nec
758 650 847 682 cordi
856 649 930 691 fixa
945 650 1112 686 uoluntas,
1129 659 1209 686 non,
1227 652 1267 680 ut
1283 648 1360 679 uult
1375 647 1554 679 Reischius
1570 647 1604 678 in

74 702 160 733 thes.
178 702 258 742 ling.
278 702 353 733 Lat.
373 711 410 733 1v
426 712 458 743 p.
478 703 541 734 930
557 703 578 732 4
595 712 658 742 sq„
676 701 859 733 ablatiuus.
909 701 988 732 uide
1006 702 1113 732 ctiam
1131 700 1231 740 Verg.
1250 699 1335 730 Aen.
1355 707 1383 729 11
1401 699 1442 730 35
1460 698 1574 729 menti,

120 754 184 785 644
206 752 361 784 uersibus
379 754 442 784 835
459 756 495 784 et
512 754 619 784 961-4
637 753 733 784 adice
750 761 792 783 111
810 753 883 783 585.
933 752 974 782 de
991 761 1155 791 uayarum
1172 751 1251 782 uide
1269 759 1297 781 Π
1314 751 1377 782 334
1393 749 1542 789 paribus.

120 805 184 836 646
206 804 242 834 in
261 812 299 835 IV
317 805 380 835 503
401 805 496 844 (nam
514 805 565 835 ita
583 804 751 845 scriptum
770 804 939 844 oportuit)
959 802 1120 842 quaedam
1139 812 1208 833 non
1228 801 1273 832 ad
1291 801 1463 841 simiorum
1482 799 1542 831 sed
1561 799 1606 831 ad

72 854 225 895 partibus
241 855 457 886 referendum
473 865 545 886 esse
561 858 682 896 postea
698 854 862 886 intellexi.

119 907 182 939 658
208 905 374 937 Bacchum
387 906 441 937 hic
454 909 489 937 et
502 915 545 937 ΠΙ
560 907 620 938 153
634 906 728 937 sidus
741 916 812 937 esse
826 905 987 936 discimus
1000 915 1042 936 ex
1056 905 1141 936 thes.
1158 904 1236 945 ling.
1256 904 1332 935 Lat.
1351 911 1379 933 11
1395 913 1428 943 p.
1449 903 1532 934 1665
1551 903 1603 933 68.

119 959 182 991 659
205 967 302 997 caper
317 957 508 997 yenitusque
524 957 568 988 ad
578 957 708 998 friqora
722 957 836 997 piscis.
887 955 981 987 Paul.
1003 955 1061 988 Sil.
1080 956 1186 987 descr.
1205 966 1230 986 s.
1250 955 1353 995 Soph.
1373 956 1436 985 318
1454 956 1550 993 αἰγὸσ
1570 957 1606 984 ἐσ

73 1009 260 1048 ἰχθυόεντοσ
277 1010 447 1039 ἀθαλπέασ·
464 1011 565 1047 ἤλασε
581 1010 706 1049 μοίρασ.

119 1061 182 1092 663
205 1069 285 1091 cum
312 1060 477 1097 Breitero,
505 1060 559 1091 cui
586 1060 748 1091 iniuriam
774 1059 894 1091 fecisse
921 1069 1056 1100 arguor,
1084 1058 1213 1089 errauit
1239 1058 1324 1089 thes.
1354 1057 1433 1098 ling.
1464 1056 1539 1087 Lat.
1568 1064 1606 1086 1v

75 1120 108 1151 p.
129 1111 213 1142 1007
230 1112 283 1142 57.

119 1162 183 1194 666
206 1164 286 1202 post
304 1161 311 1174 ‘
327 1161 547 1193 Charitonem
563 1161 570 1174 ’
588 1162 685 1193 adice
704 1162 711 1173 ‘
726 1161 778 1192 ed.
797 1162 816 1192 2
833 1161 852 1193 ⁷.

119 1214 184 1246 672
206 1222 276 1244 una
296 1212 355 1243 sub
377 1213 522 1253 imaqine
543 1216 647 1244 natos.
696 1223 799 1244 carm.
823 1212 926 1254 epigr.
952 1212 1079 1243 Buech.
1104 1212 1169 1243 495
1191 1212 1210 1242 8
1233 1210 1387 1242 Castorea
1402 1210 1524 1251 fratres
1545 1208 1605 1240 snb

74 1263 220 1303 imaqine
236 1273 316 1303 quos
331 1263 510 1304 yenerauit.

118 1316 181 1348 675
205 1314 279 1346 Val.
300 1313 391 1346 Max.
412 1323 450 1346 IV
469 1317 487 1346 7
506 1315 581 1346 init.
603 1314 771 1346 amicitiae
789 1314 965 1346 uinculum
981 1317 1097 1354 potens
1116 1316 1144 1344 et
1161 1312 1397 1354 praeualidum
1415 1321 1516 1352 neque
1534 1310 1605 1342 ulla

72 1375 111 1396 ex
123 1368 218 1405 parte
233 1366 411 1406 sanquinis
427 1366 558 1397 uiribus
575 1365 726 1407 inferius.

118 1418 181 1450 679
205 1416 317 1448 Gratt.
343 1418 407 1448 452
431 1427 481 1458 sq.
506 1417 564 1457 qui
584 1417 689 1457 pretio
707 1417 854 1457 fratrum
877 1416 1116 1456 meliorisque
1141 1425 1245 1447 ausus
1269 1415 1370 1446 amici
1400 1412 1404 1457 Ι
1431 1413 1606 1445 sollicitare

72 1471 184 1508 caput,
202 1468 261 1499 ubi
279 1468 411 1500 Enkius
428 1468 590 1499 Vollmeri
607 1468 777 1499 erroribus
793 1477 924 1499 nouum
940 1467 1075 1498 adiecit.

119 1520 182 1552 680
206 1519 280 1551 Liu.
299 1528 322 1550 v
338 1521 376 1550 51
399 1520 438 1551 10
449 1519 570 1560 foedus
586 1529 623 1550 ac
633 1519 737 1560 fidem
746 1518 945 1560 fefellerunt.

119 1572 181 1603 681
205 1580 255 1611 sq.
274 1573 366 1602 recte
383 1573 464 1602 ante
481 1580 535 1601 me
551 1570 739 1611 explicauit
756 1569 939 1601 Garrodus.

120 1622 184 1654 694
206 1621 295 1652 adde
314 1621 413 1654 Ouid.
435 1625 516 1653 met.
536 1630 550 1652 1
568 1622 631 1653 644
647 1621 776 1661 patitur
794 1620 896 1661 tami,
916 1621 996 1652 Luc.
1018 1629 1060 1652 111
1078 1622 1141 1652 377
1158 1620 1292 1660 patiens
1307 1644 1314 1650 .
1332 1643 1338 1650 .
1357 1643 1363 1650 .
1379 1618 1480 1659 cinqi,
1499 1619 1606 1650 etiam

73 1671 140 1704 Cic.
160 1672 202 1704 de
220 1672 311 1704 dom.
331 1674 373 1704 29
390 1673 456 1704 sim
470 1683 593 1713 passus
610 1683 632 1704 a
649 1672 709 1703 tali
726 1672 878 1703 amicitia
895 1671 1049 1709 distrahi,
1068 1671 1128 1703 ubi
1148 1682 1198 1702 me
1215 1671 1380 1702 adiciunt.

117 1725 181 1756 696
204 1724 283 1755 uide
299 1724 344 1755 ad
361 1733 403 1755 111
420 1725 482 1756 597
500 1724 678 1755 adnotata.

117 1777 180 1808 ’700
203 1779 330 1812 cuma,
359 1775 453 1816 quod
481 1775 654 1807 Garrodus
680 1775 886 1815 Pingraeum
911 1775 1069 1806 imitatus
1095 1784 1165 1805 non
1189 1774 1307 1810 uertit,
1330 1773 1605 1814 WVageningenus

72 1825 157 1857 dicit
171 1836 243 1858 esse
260 1826 267 1839 ‘
282 1837 351 1858 non
365 1827 529 1868 pauciora
544 1826 564 1864 ³,
580 1836 649 1867 qua
663 1825 912 1867 significatione
925 1825 961 1856 id
974 1824 1183 1857 uocabulum
1197 1834 1419 1856 numerorum
1433 1824 1606 1855 notationi

72 1877 154 1908 addj
165 1887 235 1908 non
246 1877 360 1909 didici.
409 1879 478 1909 scio
489 1877 613 1915 omnia,
626 1877 686 1909 ubi
698 1888 784 1918 opus
796 1880 859 1914 est,
874 1887 936 1918 pro
949 1877 987 1908 in
998 1887 1130 1908 summa
1142 1877 1235 1917 poni,
1248 1879 1288 1907 ut
1302 1876 1457 1906 Frontin.
1471 1885 1550 1915 aqu.
1565 1875 1605 1906 37

67 1928 233 1969 formulas
254 1928 471 1966 modulorum,
489 1929 547 1969 qui
567 1932 645 1960 sunt
667 1939 797 1959 omnes
821 1927 945 1968 uiyinti
968 1931 996 1959 et
1018 1928 1172 1968 quinque,
1192 1927 1348 1968 quamuis
1368 1926 1405 1958 in
1425 1936 1490 1957 usu
1509 1926 1605 1966 quin-

71 1979 176 2011 decim
204 1983 356 2011 tantum
378 1980 563 2021 frequentes
594 1980 670 2011 sint.

118 2033 182 2064 '709
206 2031 351 2062 Garrodi
369 2032 566 2062 coniectura
585 2031 622 2062 in
638 2030 779 2071 pecudes
797 2034 906 2062 errant
925 2030 1073 2062 humana
1093 2030 1179 2061 mihi
1197 2039 1346 2070 quoque,
1367 2029 1456 2060 sieut
1475 2028 1606 2060 multae

73 2092 160 2122 quas
173 2082 217 2113 ab
230 2082 305 2114 aliis
317 2082 461 2124 proferri
473 2082 584 2119 uideo,
598 2083 633 2113 in
647 2085 799 2113 mentem
809 2085 952 2113 uenerat
964 2094 971 2119 ;
998 2081 1058 2113 sed
1070 2084 1191 2112 natura
1204 2084 1322 2112 tuetur
1335 2080 1408 2111 Liu.
1425 2088 1518 2111 xxxx
1533 2080 1572 2110 12
1587 2081 1606 2110 8

67 2133 168 2174 foeda
190 2134 304 2165 omnia
327 2137 355 2165 et
378 2133 538 2175 deformia
561 2134 795 2173 errantisque
818 2133 856 2164 in
878 2133 1004 2164 alienos
1021 2132 1111 2173 fetus
1135 2136 1300 2164 naturae
1323 2132 1409 2163 uisa.

119 2187 182 2218 '713
205 2186 357 2226 spatium
373 2186 409 2216 in
425 2184 462 2222 G,
480 2185 522 2217 de
538 2195 607 2226 quo
624 2185 650 2216 Ι.
670 2195 739 2216 van
755 2184 821 2216 den
838 2184 961 2225 Gheyn
979 2184 985 2196 ‘
1000 2184 1024 2215 il
1039 2195 1062 2225 y
1079 2195 1099 2215 a
1115 2194 1162 2215 un
1178 2184 1267 2225 petit
1284 2183 1384 2215 blanc
1400 2183 1420 2220 '‚
1438 2183 1497 2214 uix
1514 2183 1605 2214 iusto

73 2237 184 2268 maius
202 2240 264 2268 est.
312 2240 456 2268 constent
473 2237 510 2268 in
528 2236 660 2268 Veneto
678 2236 794 2273 fuisse,
813 2235 908 2276 quod
926 2246 969 2266 ex
990 2235 1124 2266 Bentlei
1145 2235 1373 2266 adnotatione
1392 2234 1605 2275 collegeram,

72 2286 211 2319 collatio
229 2287 450 2319 Gronouiana
467 2298 537 2319 non
555 2290 716 2319 testatur.
764 2287 800 2318 in
818 2296 861 2318 111
878 2287 943 2318 276
960 2290 1077 2327 quotue
1095 2289 1176 2318 ante
1195 2296 1249 2317 me
1268 2286 1393 2327 Fayus.

119 2341 182 2372 '719
204 2339 343 2370 retinent
361 2350 431 2370 non
449 2342 489 2371 ut
508 2340 571 2371 715
590 2338 650 2370 sed
668 2341 708 2370 ut
726 2347 763 2369 IV
782 2339 845 2370 297
864 2341 900 2369 et
918 2339 993 2374 357,
1014 2337 1198 2369 debilitata
1216 2338 1251 2369 ui
1269 2337 1460 2378 particulae
1475 2349 1483 2374 3
1516 2346 1605 2377 quae

71 2399 125 2421 res
142 2399 212 2421 non
229 2389 405 2422 intellecta
421 2390 504 2422 fecit
522 2393 562 2422 ut
580 2389 754 2422 Garrodus
772 2389 810 2420 in
826 2388 931 2420 sidere
948 2398 1072 2429 quoque
1092 2389 1149 2420 ‘in
1167 2389 1212 2420 its
1230 2399 1306 2420 own
1324 2387 1567 2419 constellation
1582 2387 1605 2424 ⁹,

73 2440 348 2482 Wageningenus
379 2441 386 2454 ‘
401 2442 437 2472 in
465 2441 534 2482 zijn
563 2441 660 2482 eigen
688 2439 920 2472 sterrenbeeld
935 2439 943 2452 '
973 2440 1268 2481 interpretaretur.
1317 2440 1353 2470 in
1381 2439 1606 2480 sequentibus

73 2492 228 2524 uersibus
254 2492 433 2524 intellectu
458 2492 631 2524 facillimis
658 2492 752 2523 uarie
779 2494 932 2523 erratum
958 2494 1033 2522 est:
1075 2491 1138 2522 hoc
1166 2491 1244 2527 dici,
1272 2500 1352 2522 cum
1378 2490 1475 2522 uerbi
1501 2500 1606 2521 causa

73 2542 170 2574 Aries
190 2543 288 2574 binas
307 2547 423 2585 partes
443 2554 522 2575 cum
541 2543 685 2574 dimidia
703 2543 739 2574 in
758 2552 896 2583 quoque
915 2542 1025 2573 sidere
1044 2542 1230 2583 possideat,
1251 2542 1363 2573 sidera
1383 2545 1501 2573 autem
1520 2541 1604 2572 duo-

73 2593 185 2625 decim
197 2594 278 2632 sint,
293 2594 413 2626 confici
426 2605 599 2626 summam
611 2595 756 2635 triginta
768 2594 922 2635 partium
935 2593 979 2624 ab
992 2593 1051 2624 illo
1065 2594 1100 2625 in
1114 2596 1190 2625 toto
1204 2593 1345 2625 zodiaco
1358 2602 1604 2634 possessarum,

75 2644 369 2686 Wageningenum
385 2645 511 2677 uidisse
528 2656 570 2677 ex
586 2645 871 2686 interpretatione
887 2645 960 2675 eius
977 2644 1114 2675 Bataua
1130 2644 1261 2685 colligo.

121 2698 184 2729 723
206 2704 243 2727 1v
254 2697 318 2728 364
328 2706 378 2737 sq.
391 2696 429 2727 in
436 2696 609 2736 plurisque
619 2695 730 2727 modos
740 2695 938 2735 repetitaque
948 2695 1086 2727 nomina
1096 2695 1222 2727 caelum
1234 2694 1238 2738 Ι
1248 2695 1372 2726 diuidit
1383 2696 1392 2734 (
1398 2695 1480 2726 haec
1490 2694 1604 2733 ratio).

119 2748 184 2779 726
207 2747 371 2778 maiorem
395 2748 501 2778 etiam
525 2757 631 2787 quam
654 2747 778 2788 putaui
802 2756 942 2777 causam
965 2757 1037 2778 esse
1061 2757 1121 2777 cur
1144 2746 1243 2778 Luna
1266 2746 1486 2787 potissimum
1514 2754 1604 2776 com-

75 2801 284 2829 memoretur
300 2798 482 2839 apparebit
498 2809 541 2829 ex
557 2798 605 2829 eis
622 2808 711 2838 quae
728 2808 818 2829 nunc
836 2797 881 2828 ad
897 2806 935 2828 IV
954 2798 1015 2828 122
1033 2800 1069 2829 et
1085 2798 1121 2829 in
1138 2797 1305 2829 addendis
1322 2797 1367 2828 ad
1388 2796 1494 2837 praef.
1514 2796 1572 2827 lib.
1593 2804 1606 2826 1

73 2858 131 2890 pp.
149 2848 323 2880 lxix-lxxii
339 2850 454 2887 (huius
471 2849 656 2881 uoluminis
674 2859 730 2890 pp.
753 2849 873 2888 111-3)
890 2849 1044 2889 exposui.
