1855 3088
178 129 258 166 152
477 127 538 167 Μ.
571 127 821 169 MANILII
850 127 1332 171 ASTRONOMICON
1364 129 1404 171 V

219 237 282 268 338
305 234 377 272 sub,
400 235 447 272 in,
471 246 583 277 neque
606 237 698 268 enim
722 237 806 269 caeli
830 238 939 279 magis
962 248 1068 278 quam
1092 241 1203 270 terrae
1226 240 1319 281 regio
1342 239 1478 272 dicitur.
1526 241 1577 272 ita
1601 240 1702 273 Ouid.

174 287 263 318 trist.
282 295 295 318 1
311 288 331 319 3
350 287 390 319 19
405 286 539 328 Libycis
554 312 561 319 .
579 311 586 319 .
604 312 610 320 .
627 288 686 320 sub
703 289 781 326 oris,
799 289 880 320 Luc.
900 298 939 320 rx
955 291 1019 322 435
1036 300 1085 331 sq.
1103 290 1163 321 sub
1181 290 1240 322 illa
1255 314 1261 322 .
1279 315 1286 322 .
1304 315 1310 322 .
1328 294 1422 328 terra,
1440 300 1465 322 x
1482 292 1524 323 66
1539 291 1705 324 Leucadio

173 360 181 369 .
198 361 205 369 .
223 361 230 368 .
246 337 306 369 sub
327 338 462 378 qurqite,
485 349 547 370 nec
569 339 680 371 multo
702 339 802 371 aliter
824 340 924 381 Prop.
948 349 991 372 111
1013 342 1033 373 9
1055 342 1097 373 36
1118 341 1178 372 sub
1205 341 1321 382 exiyuo
1335 342 1491 383 flumine,
1514 342 1602 375 Stat.
1626 343 1702 375 silu.

172 397 194 419 v
211 389 231 420 3
248 389 290 420 94
306 388 379 420 orbe
394 389 454 420 sub
470 390 573 428 omui,
591 391 683 422 intra
699 391 808 423 totius
825 391 916 423 orbis
933 392 1115 424 ambitum.

217 442 281 473 352
304 443 340 472 et
366 442 430 474 355
454 445 607 481 eruptum
632 442 677 473 ab
703 442 879 484 eripiendo
905 443 1038 475 codices
1064 443 1188 475 saltem
1213 443 1361 486 Appulei
1387 444 1477 486 apol.
1504 446 1556 478 28.
1604 444 1704 487 plura

172 491 245 522 dixi
261 491 296 522 in
313 490 473 523 Classical
492 491 675 534 Quarterly
692 504 747 525 an.
769 495 852 526 1923
869 504 902 535 p.
924 495 997 531 166,
1014 494 1075 526 ubi
1090 495 1259 536 scriptum
1275 497 1431 537 oportuit
1450 496 1456 508 ‘
1472 496 1553 528 Luc.
1571 505 1610 528 VI
1625 497 1668 529 35
1682 495 1702 528 '.

172 541 354 574 Lindsaius
374 543 459 574 mihi
478 544 573 575 misit
592 543 764 585 abruptus,
781 555 842 585 per
861 545 933 576 uim
952 549 1069 586 raptus
1088 557 1130 578 ex
1150 546 1223 578 cod.
1245 546 1324 578 Vat.
1346 546 1423 578 Lat.
1447 548 1532 579 1469
1550 547 1704 589 glossarii

171 593 266 634 quod
284 593 291 606 ‘
306 593 461 625 asbestos
477 594 484 606 '
503 594 638 626 dicitur.

216 645 280 678 359
303 644 380 676 Sen.
397 645 479 676 Oed.
494 647 558 677 477
572 656 621 687 sq.
636 657 719 687 quas
732 648 878 688 (gentes)
892 647 1053 688 despectat
1065 649 1184 680 uertice
1196 658 1211 679 e
1224 659 1353 680 summo
1375 647 1379 692 Ι
1398 649 1495 681 sidus
1507 649 1702 682 Arcadium.

217 697 281 728 364
304 695 397 728 Seru.
418 696 547 728 G.L.K.
567 705 605 728 IV
621 708 653 739 p.
673 699 737 730 423
755 700 819 730 7-9
836 698 1007 730 sciendum
1023 703 1132 731 autem
1149 705 1180 732 X
1199 699 1340 732 litteram
1361 700 1519 732 Latinam
1539 700 1705 742 duplicem

170 746 270 778 etiam
278 757 340 787 pro
351 747 502 788 simplice
511 758 607 789 posse
616 749 711 789 poni,
724 749 855 790 quando
868 750 992 782 Graeca
1002 754 1080 782 suut
1091 751 1240 789 nomina,
1252 754 1288 783 ut
1300 752 1337 783 in
1348 751 1405 784 hoc
1417 762 1516 784 uersu
1530 753 1536 765 ‘
1552 752 1705 793 impleuit

170 797 268 829 litora
283 798 442 830 Xanthus
457 799 477 830 '.

215 850 303 882 417Α
326 849 416 881 adde
432 851 538 881 etiam
556 852 745 893 asperiores
762 863 882 884 uersus
899 861 937 884 1v
953 854 1017 885 332
1035 856 1070 884 et
1087 862 1110 885 v
1128 855 1200 886 120.

215 901 279 933 423
303 900 418 932 Cicero
449 901 547 933 Brut.
583 903 644 933 152
676 913 744 934 rem
775 903 970 935 uniuersam
1001 903 1140 936 tribuere
1172 905 1210 936 in
1240 908 1362 946 partes,
1391 905 1486 947 quod
1520 905 1580 947 qui
1607 905 1704 944 facit,

170 950 358 983 distribuit.

215 1004 279 1035 450
301 1013 364 1044 pro
380 1011 553 1035 summam
568 1004 837 1046 imprimendum
853 1006 921 1037 fuit
937 1016 1113 1038 summam.

215 1055 279 1087 456
302 1062 325 1085 v
347 1055 412 1086 494
432 1065 515 1094 pace
537 1065 576 1087 ac
597 1055 661 1087 LM
682 1066 745 1097 pro
765 1067 891 1097 pacem.
939 1058 975 1089 in
998 1058 1112 1089 media
1134 1057 1372 1096 adnotatione,
1397 1061 1438 1090 ut
1463 1059 1704 1101 perspicuitati

170 1103 380 1141 consulatur,
398 1104 470 1146 lege
489 1106 496 1118 ‘
513 1105 660 1138 brumali
676 1107 743 1138 diei
759 1107 885 1139 addere
901 1107 921 1145 ⁹,
939 1109 1003 1140 etsi
1020 1108 1168 1140 alterum
1183 1110 1310 1141 rectius
1326 1113 1389 1141 est.

215 1157 279 1188 457
302 1155 382 1186 uide
398 1156 676 1189 emendationem
693 1168 807 1190 meam
823 1169 942 1190 uersus
959 1168 981 1191 v
999 1160 1073 1191 716.

215 1208 277 1239 461
300 1205 365 1248 ipsi
381 1206 481 1239 Bodl.

216 1259 280 1290 466
303 1257 472 1290 haerentia
488 1270 494 1289 :
521 1259 610 1291 adde
627 1268 664 1291 IV
682 1261 755 1292 603.

216 1310 280 1342 478
303 1308 384 1340 Luc.
413 1318 435 1340 v
461 1311 525 1342 338
550 1310 748 1343 descenderit
773 1322 902 1352 aequor,
929 1312 988 1344 ubi
1013 1323 1093 1354 pars
1118 1313 1284 1345 librorum
1309 1314 1430 1346 eadem
1455 1314 1703 1356 significatione

169 1358 355 1392 decreuerit.

216 1412 280 1444 482
303 1419 408 1452 quam
422 1422 514 1444 nuno
530 1413 614 1444 mihi
630 1414 849 1446 retinendum
865 1415 974 1446 uideri
991 1415 1062 1446 dixi
1078 1415 1123 1447 ad
1140 1424 1163 1447 v
1178 1417 1242 1448 402
1259 1415 1427 1448 similibus
1443 1415 1586 1448 collatis.

216 1464 280 1495 486
303 1472 479 1494 numerum
494 1464 663 1496 reuocabis
680 1465 718 1496 in
734 1465 857 1506 ipsum.
905 1466 1034 1498 Auson.
1053 1468 1117 1499 396
1134 1468 1175 1499 23
1193 1467 1301 1509 (Peip.
1319 1477 1352 1509 p.
1371 1468 1450 1508 251)
1467 1467 1505 1499 in
1520 1478 1554 1499 se
1569 1471 1704 1500 retortas

172 1536 179 1544 .
197 1536 204 1544 .
222 1537 228 1544 .
245 1513 439 1545 summulas.

215 1566 279 1597 487
302 1564 373 1605 lege
392 1565 399 1578 ‘
414 1564 514 1597 dece*
538 1565 567 1598 G
581 1566 600 1598 '.

218 1617 282 1648 496
305 1616 384 1647 uide
401 1625 438 1647 lv
454 1618 518 1648 472
536 1617 651 1658 ibique
668 1618 848 1650 adnotata.

217 1668 281 1700 497
297 1667 410 1708 forma
425 1679 432 1699 ι
458 1668 579 1700 eodem
596 1679 697 1701 sensu
714 1678 751 1700 1v
767 1671 832 1702 306
849 1670 966 1711 imaqo.

218 1719 280 1751 521
303 1718 516 1750 numerando
532 1720 617 1751 Ven.

218 1771 281 1802 527
304 1772 382 1800 uota
397 1781 403 1801 ε
430 1770 508 1801 uide
526 1770 570 1802 ad
586 1779 624 1802 1v
643 1772 704 1803 127
721 1771 900 1804 adnotata.

219 1822 282 1853 528
305 1829 407 1860 usque
420 1821 526 1852 etiam
539 1821 583 1853 ob
597 1832 674 1854 eam
687 1833 827 1855 causam
840 1824 1050 1856 reiciendum
1063 1835 1146 1861 esse,
1161 1824 1255 1865 quod
1268 1824 1428 1857 uocabuli
1441 1828 1476 1857 et
1488 1825 1524 1857 in
1536 1825 1705 1868 principio

173 1874 209 1902 et
235 1871 271 1902 in
298 1870 366 1902 fine
393 1882 511 1904 uersus
538 1873 643 1914 positi
671 1884 789 1906 sensus
817 1885 1009 1916 numquam
1037 1879 1202 1911 mutetur,
1232 1876 1350 1908 multis
1378 1876 1512 1908 collatis
1539 1877 1705 1919 exemplis

173 1921 331 1963 disputat
348 1922 382 1954 C.
402 1922 613 1964 Weymanus
629 1924 665 1956 in
681 1925 748 1957 Lit.
767 1925 953 1957 Zentralbl.
971 1937 1025 1958 an.
1047 1928 1130 1959 1920
1147 1937 1179 1968 p.
1199 1928 1273 1960 333.

219 1975 282 2006 535
305 1973 341 2004 in
353 1973 451 2005 Lucr.
466 1983 505 2005 VI
519 1976 581 2007 198
593 1975 704 2007 scribo
717 1986 834 2017 maquo
848 1977 1067 2018 iudiqnanlur
1080 1979 1204 2019 (uenti)
1218 1988 1385 2010 murmure
1397 1978 1504 2011 clausi
1525 1977 1530 2022 Ι
1549 1978 1703 2016 nubibus,

174 2023 212 2055 in
233 2024 407 2065 caueisque
424 2025 576 2066 ferarum
598 2037 685 2058 more
708 2027 931 2059 minantum
954 2029 1141 2069 (minantur
1163 2029 1254 2070 libri)
1277 2027 1281 2073 Ι
1301 2040 1390 2061 nunc
1408 2029 1486 2062 hinc
1503 2040 1593 2062 ‘nunc
1612 2030 1705 2062 illinc

168 2075 325 2116 fremitus
339 2086 399 2115 per
416 2076 533 2108 nubila
549 2077 694 2115 mittunt,
712 2088 782 2119 qua
800 2080 995 2111 mutatione
1012 2083 1047 2111 et
1064 2081 1158 2121 quod
1174 2082 1405 2112 necessarium
1421 2084 1474 2113 est
1490 2081 1647 2119 efficitur,
1665 2085 1706 2113 ut

174 2136 300 2158 caueae
316 2126 466 2158 ferarum
483 2138 522 2159 ac
538 2139 608 2159 non
625 2132 811 2161 uentorum
827 2131 907 2167 sint,
925 2134 960 2162 et
977 2131 1111 2163 tollitur
1127 2131 1330 2173 asyndeton.

220 2179 284 2211 538
307 2177 408 2209 Mart.
428 2187 480 2210 VII
496 2180 538 2211 29
557 2181 571 2210 1
591 2180 716 2212 uicturi
731 2180 807 2212 libri
825 2192 887 2223 pro
904 2182 1048 2214 uictoris.

222 2230 285 2262 540
308 2228 364 2270 agi
380 2230 486 2261 etiam
503 2230 586 2262 Ven.

222 2282 285 2313 547
309 2280 404 2311 anth.
423 2280 499 2312 Lat.
518 2281 609 2313 Ries.
629 2283 692 2314 566
709 2283 728 2315 3
745 2283 788 2314 acl
806 2283 910 2316 lustra
931 2284 1038 2316 decem
1062 2284 1183 2316 Titan
1204 2289 1379 2317 accesserat
1398 2285 1478 2317 aller
1497 2285 1539 2317 de
1558 2285 1706 2327 Vergilio

177 2341 268 2362 anno
284 2332 410 2363 aetatis
426 2341 462 2363 121
478 2336 625 2364 mortuo.

223 2384 285 2415 567
309 2385 349 2414 ut
371 2383 505 2423 qui-ms
528 2395 650 2416 (ιη-7103
672 2385 720 2416 sie
743 2394 786 2417 ΠΙ
810 2387 873 2418 602
897 2387 1050 2418 trice-nos
1073 2398 1205 2425 ‹in-nos,
1230 2397 1258 2419 Π
1281 2389 1345 2420 299
1367 2387 1497 2429 qui-nis
1520 2389 1580 2429 (an
1602 2387 1706 2428 binis)

176 2433 309 2473 say—nis,
327 2433 425 2475 Verg.
445 2434 528 2466 Aen.
548 2444 587 2466 lx
604 2437 668 2468 256
685 2437 809 2469 meri-ti
825 2438 933 2470 tan-li.

225 2486 288 2517 576
311 2487 399 2516 esset
415 2484 453 2517 G.

225 2537 289 2569 589
313 2535 355 2567 de
375 2536 515 2569 elisione
534 2538 614 2570 uide
634 2547 672 2569 IV
692 2540 756 2571 470
777 2550 834 2571 uec
854 2543 972 2572 octaua
991 2540 1085 2572 utilis
1105 2551 1285 2581 umquam3
1319 2551 1401 2573 nam
1422 2551 1511 2582 quae
1530 2545 1707 2583 praeterea

179 2585 215 2617 in
235 2586 349 2626 quinti
370 2587 466 2628 pedis
487 2588 586 2619 initio
606 2588 696 2621 fiunt
716 2590 958 2632 synaloephae,
980 2592 1015 2623 in
1036 2592 1083 2623 eis
1105 2595 1167 2623 aut
1187 2592 1358 2634 particula
1378 2593 1537 2624 enclitiea
1557 2592 1707 2630 eliditur,

179 2639 220 2668 ut
239 2637 466 2677 nascentisque
485 2639 601 2670 asserit
619 2643 655 2671 et
674 2644 838 2672 mutatoue
857 2641 982 2679 ordine,
1003 2646 1065 2674 aut
1084 2643 1259 2674 antecedit
1277 2644 1396 2674 incisio
1415 2643 1706 2684 semiseptenaria,

179 2690 220 2719 ut
234 2697 376 2727 quarum
391 2688 503 2725 altera,
519 2690 604 2720 ratio
619 2691 743 2728 omnia,
760 2695 796 2722 ut
810 2702 885 2723 cum
900 2693 1023 2724 omnia.
1074 2694 1217 2725 Ouidius
1233 2697 1314 2725 met.
1333 2702 1402 2725 xm
1417 2695 1481 2726 560
1496 2694 1708 2734 captiuarum

179 2738 316 2778 aqmiua
332 2742 476 2770 matrum
493 2742 599 2781 atque
616 2741 723 2772 etiam
740 2743 781 2774 97
799 2753 867 2774 uon
883 2743 986 2775 Aiaci
1001 2754 1096 2775 arma
1110 2747 1278 2784 peluntur.

225 2791 289 2823 598
311 2789 400 2822 adde
428 2790 529 2823 Mart.
560 2800 597 2823 Vl
626 2793 667 2824 70
698 2794 712 2824 1
743 2803 794 2834 sq.
824 2794 1049 2834 sexaqesima.
1067 2819 1073 2826 .
1091 2819 1098 2826 .
1115 2795 1232 2826 messis
1253 2794 1257 2838 Ι
1277 2798 1350 2827 acta
1378 2799 1423 2827 est
1451 2799 1490 2833 el,
1518 2799 1609 2836 pulo,
1639 2796 1708 2828 iam

180 2840 325 2872 secunda
343 2841 454 2873 Cottae
469 2845 504 2873 et
518 2843 613 2874 uocis
627 2843 661 2874 in
677 2844 800 2875 mensis
815 2848 972 2877 mutatae
986 2846 1144 2888 exempla
1158 2846 1234 2878 Sen.
1251 2846 1328 2878 Tro.
1345 2848 1420 2884 548,
1436 2846 1525 2879 Η.Ο.
1542 2848 1594 2879 68.
