1855 3088
628 89 1110 133 ASTRONOMICON
1141 89 1181 130 V
1614 90 1636 126 7
1645 89 1664 126 l

302 203 495 245 incubuit
514 207 682 257 pontus,
704 202 848 243 timuit
867 201 1085 256 naufragia
1105 200 1241 250 tellus,

181 286 249 316 514
304 283 347 319 et
366 277 480 331 quod
500 282 590 318 erat
609 291 783 331 regnum
802 276 974 331 pelagus
993 276 1087 317 fuit.
1144 289 1230 316 una
1248 274 1456 315 malorum

180 359 248 390 543
303 351 518 406 proposita
538 355 602 392 est
621 364 789 400 merces,
811 364 967 391 uesano
987 350 1137 391 dedere
1156 353 1288 403 ponto

302 425 614 474 Andromedan,
636 430 801 466 teneros
821 430 870 465 ut
889 424 1013 465 belua
1032 423 1251 464 manderet
1270 427 1401 464 artus·

180 507 248 538 545
302 499 369 540 hic
389 499 646 553 hymenaeus
666 503 769 548 erat,
791 498 1004 552 solataque
1023 497 1192 552 publica
1212 497 1368 538 damna

303 573 480 628 priuatis
500 573 721 614 lacrimans
741 577 915 613 ornatur
934 572 1109 613 uictima
1128 585 1288 626 poenae

303 647 575 702 induiturque
595 647 710 688 sinus
729 661 814 687 non
833 646 936 688 haec
956 646 1011 687 ad
1030 651 1133 687 uota
1152 650 1337 700 paratos,

303 721 474 776 uirginis
494 727 537 762 et
556 721 680 762 uiuae
699 721 862 775 rapitur
881 721 969 762 sine
989 720 1133 761 funere
1153 720 1292 761 funus.

302 800 361 846 at,
383 796 507 837 simul
525 795 668 837 infesti
686 800 864 836 uentum
884 800 948 836 est
967 795 1022 835 ad
1041 795 1165 835 litora
1185 793 1319 848 ponti,

145 953 226 985 bibl.
244 962 273 985 11
287 955 308 985 4
325 954 344 985 3
361 954 380 984 2
402 955 566 985 Ποσειδῶν
584 977 591 984 .
611 977 618 985 .
639 977 646 984 .
665 954 832 993 πλήμυράν
856 965 890 984 τε
912 954 964 984 ἐπὶ
985 954 1044 990 τὴν
1067 953 1175 992 χώραν
1197 953 1322 992 ἔπεμψε
1345 952 1397 981 καὶ
1418 952 1518 988 κῆτοσ
1610 950 1674 982 542

145 1015 207 1046 pro
233 1004 414 1045 naufraqia
440 1004 589 1045 Scaliger
615 1015 690 1036 cum
717 1003 893 1044 naufraya,
922 1003 1095 1035 lenissima
1126 1006 1245 1034 autem
1271 1002 1465 1033 mutatione
1493 999 1674 1041 nauifraqa

145 1057 173 1088 I.
188 1056 328 1088 Vossius
340 1059 429 1087 teste
442 1056 570 1087 Iacobo
582 1066 693 1097 progr.
709 1055 834 1086 Lubec.
850 1066 904 1086 an.
919 1055 1003 1086 1836
1014 1065 1046 1096 p.
1063 1056 1114 1091 14,
1128 1055 1212 1085 item
1226 1053 1414 1085 Doruillius
1426 1055 1461 1083 et
1475 1052 1672 1092 PingraeuS,

145 1117 215 1148 qua
232 1110 350 1138 tamen
368 1107 564 1138 emendatio
582 1117 652 1138 non
671 1106 874 1143 absoluitur,
894 1116 1005 1146 neque
1023 1106 1114 1136 enim
1133 1107 1278 1146 apparet
1296 1104 1380 1145 quid
1398 1104 1552 1134 timuerit
1569 1102 1672 1133 tellus

144 1159 214 1190 iam
230 1158 449 1199 naufragium
466 1168 578 1199 passa.
627 1158 820 1189 sententiae
837 1157 1007 1188 satisfacit
1023 1156 1164 1196 stupuit,
1182 1156 1246 1187 nisi
1262 1156 1376 1196 ipsum
1392 1154 1477 1185 illud
1494 1153 1674 1194 nauifraqa

146 1209 357 1241 dubitationi
373 1210 562 1240 obnoxium
579 1212 679 1245 esset,
694 1209 789 1249 quod
805 1219 867 1239 nec
883 1209 919 1239 ui
933 1208 1072 1249 passiua
1086 1208 1244 1248 usurpari
1258 1206 1396 1238 uidetur
1410 1216 1472 1237 nec
1487 1205 1673 1236 secundam

144 1261 314 1302 syllabam
334 1261 521 1302 producere
541 1261 650 1301 magis
669 1270 775 1300 quam
796 1259 958 1300 pleraque
978 1260 1025 1290 sic
1046 1259 1238 1299 composita
1258 1258 1430 1289 adiectiua
1446 1269 1454 1294 ;
1488 1267 1569 1287 nam
1588 1256 1674 1287 raris

143 1312 308 1353 exemplis
336 1313 561 1343 inueniuntur
589 1311 706 1352 qualia
735 1314 817 1342 sunt
846 1310 1020 1350 multiplex
1049 1310 1147 1341 Lucr.
1179 1318 1208 1340 11
1238 1310 1311 1346 163,
1341 1311 1535 1348 semiqraece
1564 1306 1672 1338 Lucil.

145 1363 338 1395 G.L.K.VI1
349 1374 381 1404 p.
394 1364 435 1394 47
449 1363 504 1403 (fr.
520 1363 583 1394 379
594 1362 645 1394 ed.
657 1362 794 1402 Marx.).
842 1362 958 1402 aptius
970 1360 1055 1392 nihil
1066 1361 1204 1392 uidetur
1215 1370 1321 1401 quam
1326 1359 1481 1400 fluitauit
1492 1358 1657 1399 naufraga
1671 1369 1680 1392 ε

144 1414 248 1447 Culic.
267 1416 329 1447 357
347 1414 503 1455 (praeda)
517 1413 555 1445 in
566 1424 722 1454 aequoreo
731 1413 847 1454 fluitat
863 1413 932 1444 iam
947 1411 1113 1453 naufraqa
1122 1412 1241 1453 fluctu,
1258 1411 1347 1442 Flor.
1366 1420 1393 1441 11
1408 1412 1447 1441 21
1467 1412 1485 1441 7
1503 1410 1673 1441 inmensae

143 1465 260 1498 classis
279 1465 496 1505 naufraqium
517 1488 523 1495 .
544 1489 551 1495 .
571 1488 577 1495 .
596 1468 658 1495 toto
678 1464 765 1495 mari
777 1463 946 1504 fluitabat,
966 1463 1058 1494 Man.
1080 1472 1118 1494 IV
1138 1464 1201 1494 829
1222 1473 1271 1503 sq.
1294 1465 1386 1493 natat
1405 1461 1492 1492 orbis
1512 1461 1549 1492 in
1569 1461 1643 1501 ipso
1665 1459 1670 1503 Ι

143 1520 171 1549 et
192 1516 297 1548 uomit
318 1516 468 1548 Oceanus
486 1519 628 1556 pontum
719 1517 783 1548 514
804 1515 871 1547 huc
893 1514 1109 1546 transtulisse
1131 1514 1299 1545 Iacobum
1321 1524 1424 1554 supra
1446 1513 1518 1544 dixi
1610 1514 1673 1545 543

144 1578 262 1600 merces
282 1567 445 1599 malorum
465 1570 517 1598 est
540 1578 610 1607 qua
633 1566 724 1597 mala
747 1567 975 1603 redimuntur,
998 1565 1083 1597 Iust.
1109 1574 1161 1596 vn
1182 1567 1201 1596 5
1225 1566 1239 1596 1
1270 1564 1458 1596 Alexander
1475 1588 1482 1595 .
1502 1588 1509 1595 .
1529 1587 1536 1594 .
1555 1562 1673 1594 bellum

143 1619 183 1651 ab
212 1619 343 1660 Illyriis
367 1622 466 1659 pacta
492 1618 633 1649 mercede
651 1642 658 1649 .
678 1642 685 1649 .
705 1642 712 1648 .
730 1617 876 1654 redemit,
904 1617 977 1648 Liu.
1006 1625 1029 1648 v
1055 1618 1097 1648 49
1126 1618 1141 1647 1
1172 1615 1315 1657 infanda
1341 1625 1460 1647 merces
1486 1625 1556 1655 qua
1583 1614 1673 1646 Galli

144 1670 407 1702 adducebantur
428 1672 468 1700 ut
489 1669 703 1700 obsidionem
724 1668 957 1709 relinquerent
1049 1670 1113 1701 544
1128 1670 1167 1699 ut
1181 1667 1228 1705 M,
1245 1666 1301 1698 uel
1320 1666 1374 1698 GL
1464 1665 1565 1697 belua
1581 1665 1671 1696 Flor.

143 1725 179 1754 et
198 1721 310 1758 Bodl.,
329 1720 417 1753 bella
432 1720 523 1752 GLM
605 1719 782 1751 manderet
798 1721 892 1751 artus
909 1719 998 1750 Flor.
1018 1722 1054 1750 et
1071 1719 1183 1755 Bodl.,
1197 1720 1428 1750 maneretatus
1444 1717 1517 1755 LM,
1534 1725 1673 1748 manere

143 1773 233 1806 tanis
253 1772 281 1804 G
372 1774 435 1806 545
454 1771 633 1803 himeneus
654 1770 692 1809 G,
714 1770 933 1802 chimenaeus
953 1770 999 1808 M,
1021 1770 1219 1802 chimeneus
1239 1770 1275 1801 L.
1323 1770 1421 1810 Verg.
1444 1769 1528 1800 Aen.
1550 1777 1588 1799 1v
1610 1769 1671 1799 127

143 1825 196 1857 hic
216 1824 415 1865 hymenaeus
436 1823 506 1854 erit.
554 1822 803 1863 Aristophanes
823 1823 859 1853 in
879 1821 1023 1863 parodia
1043 1821 1284 1852 Andromedae
1306 1820 1512 1861 Euripideae
1533 1820 1669 1851 Thesm.

146 1876 273 1908 1034—6
295 1877 443 1915 ’γαμηλίῳ
467 1876 524 1912 μὲν
549 1876 583 1905 οὐ
606 1876 659 1912 ξὺν
684 1876 808 1911 παιῶνι,
829 1876 945 1912 δεσμίῳ
970 1875 1014 1911 δὲ,
1035 1874 1156 1912 γοᾶσθέ
1176 1872 1219 1910 μ’,
1247 1871 1272 1903 ὦ
1293 1873 1454 1911 Ὑυναῖκεσ.
1506 1870 1672 1902 similibus

143 1927 226 1959 locis
248 1937 335 1968 quos
355 1926 460 1957 docta
479 1936 561 1956 cura
580 1925 750 1966 congessit
771 1924 834 1955 Ed.
858 1923 1041 1955 Muellerus
1062 1923 1180 1964 philol.
1205 1933 1259 1954 an.
1286 1924 1369 1954 1907
1391 1933 1424 1963 p.
1448 1924 1489 1953 55
1511 1921 1672 1953 accedere

144 1978 295 2011 debebat
319 1978 474 2009 omnium
499 1976 705 2008 clarissimus
726 1975 825 2007 Lucr.
850 1984 863 2006 1
884 1976 970 2006 97—9
1061 1974 1237 2015 solataque
1259 1973 1446 2010 Bentleius,
1470 1972 1608 2013 solaque
1632 1972 1670 2011 G,

143 2029 281 2070 solaque
296 2028 333 2060 in
348 2028 412 2060 LM
427 2030 568 2069 propter
584 2030 734 2058 metrum
826 2028 890 2060 546
910 2025 1052 2067 priuatis
1068 2026 1114 2063 M,
1131 2024 1285 2066 primatis
1301 2025 1326 2056 L
1344 2025 1417 2056 cod.
1434 2025 1597 2061 Venetus,
1610 2033 1671 2065 pro

143 2081 233 2114 natis
244 2080 324 2112 GL2.
371 2079 503 2111 solatur
513 2078 735 2110 Andromeda
745 2078 884 2119 publica
895 2078 1024 2109 damna
1034 2078 1180 2118 priuatis
1190 2087 1229 2108 ac
1241 2076 1448 2108 domesticis.
1485 2076 1556 2107 sine
1568 2086 1672 2107 causa

143 2143 205 2165 nec
228 2132 313 2164 bene
335 2130 511 2162 Bentleius
532 2129 703 2167 lacrimis;
733 2130 792 2161 sed
813 2129 1068 2170 peruersissime
1090 2128 1263 2159 Breiterus
1284 2128 1320 2159 in
1341 2127 1454 2158 Fleck.
1476 2127 1580 2158 annal
1601 2126 1670 2158 uol.

147 2185 208 2216 139
221 2194 254 2225 p.
270 2184 344 2220 861,
358 2192 462 2224 quem
476 2182 664 2213 Bechertus
677 2184 713 2212 et
725 2181 1001 2221 Wageningenus
1014 2180 1122 2211 secuti
1135 2182 1227 2216 sunt,
1241 2182 1379 2210 mutata
1392 2179 1671 2220 interpunctione

143 2235 256 2267 effecit
268 2237 309 2266 ut
320 2233 424 2265 solata
434 2234 571 2274 passiuo
582 2243 684 2263 sensu
696 2231 936 2273 accipiendum
947 2234 1046 2268 esset,
1058 2230 1152 2271 quod
1162 2230 1302 2261 Manilio
1313 2241 1382 2261 non
1392 2230 1574 2261 conuenire
1587 2230 1671 2260 satis

144 2286 334 2318 ostendunt
352 2295 442 2326 quae
461 2284 591 2315 Neuius
610 2283 717 2315 habet
736 2292 778 2313 111
797 2293 854 2323 pp.
875 2283 917 2314 90
936 2292 986 2322 sq.
1008 2282 1059 2313 ed.
1081 2283 1100 2313 3
1191 2280 1333 2313 uictima
1356 2280 1436 2317 GL2,
1455 2280 1539 2312 uicti
1563 2280 1626 2312 LM

231 2345 361 2378 poenae
383 2335 570 2371 Bentleius,
591 2343 702 2376 poena
722 2333 838 2372 GL2M,
858 2342 983 2374 penam
1004 2332 1040 2364 L.
1134 2332 1310 2363 Bentleius
1330 2332 1468 2363 beluam
1491 2331 1671 2373 intellegit,

143 2399 232 2430 quae
242 2398 354 2429 poena
364 2389 509 2418 uocatur
521 2387 582 2417 591
676 2388 822 2416 ornatur.
871 2384 1019 2415 contulit
1032 2384 1096 2414 Ed.
1110 2383 1293 2414 Muellerus
1305 2383 1410 2415 schol.
1423 2383 1536 2414 Germ.
1550 2383 1669 2424 Breys.

143 2451 176 2482 p.
206 2441 268 2471 140
294 2440 313 2470 2
340 2437 488 2478 exposita
513 2436 599 2468 cetui
624 2447 699 2468 cum
724 2435 877 2467 omnibus
899 2435 1101 2466 ornamentis
1125 2438 1160 2466 et
1183 2435 1266 2466 Ach.
1292 2435 1369 2466 Tat.
1395 2443 1438 2465 111
1461 2437 1479 2466 7
1505 2436 1670 2474 νυμφικῶσ

143 2491 362 2528 ἐστολισμένη,
390 2491 496 2529 ὥσπερ
520 2489 664 2518 Ἀιδωνεῖ
685 2490 791 2525 νύμφη
816 2488 1044 2524 κεκοσμημένη.
1093 2486 1314 2517 consentiunt
1338 2486 1422 2517 artis
1444 2489 1670 2517 monumenta

234 2544 296 2576 547
309 2540 461 2572 induitur
475 2539 539 2577 GL,
554 2538 712 2570 inductus
725 2538 761 2569 M
853 2540 916 2571 548
923 2537 1053 2578 funere,
1069 2537 1237 2568 cadauere
1253 2549 1260 2569 :
1288 2540 1379 2568 errat
1393 2537 1420 2568 F
1422 2547 1508 2578 ayus
1522 2547 1671 2578 eumque

143 2594 252 2626 secuti
282 2593 469 2633 Pingraeus
499 2594 535 2622 et
565 2590 850 2631 WageningenuS.
898 2588 1024 2620 similes
1054 2589 1207 2630 argutias
1237 2592 1505 2630 composuerunt
1535 2589 1671 2620 Cortius

144 2646 189 2677 ad
212 2645 293 2676 Luc.
318 2652 356 2675 VI
379 2644 442 2674 640
465 2645 500 2673 et
524 2641 751 2673 Baehrensius
775 2640 901 2681 aliique
923 2640 968 2671 ad
991 2640 1116 2672 Catull.
1141 2640 1183 2671 64
1207 2641 1247 2672 83
1265 2639 1390 2680 funera
1413 2639 1590 2679 Cecropiae
1612 2650 1669 2671 nec

138 2696 272 2738 funera,
300 2704 448 2736 quarum
474 2692 667 2724 simillimae
694 2694 776 2723 sunt
802 2691 929 2732 Appul.
958 2694 1039 2722 met.
1068 2700 1105 2722 IV
1132 2692 1174 2723 34
1201 2691 1323 2722 uiuum
1346 2690 1541 2730 producitur
1561 2690 1671 2731 funus

142 2751 178 2780 et
206 2747 283 2780 sen.
314 2746 442 2777 Phoen.
474 2745 515 2776 94
545 2754 594 2784 sq.
620 2742 730 2784 sunus
758 2742 904 2774 eaetendis
932 2753 1041 2774 meum
1063 2740 1067 2785 Ι
1087 2742 1262 2783 lonqasque
1289 2742 1367 2773 uiui
1394 2741 1488 2773 ducis
1517 2742 1670 2782 eaeequias

142 2798 261 2840 patris.
309 2797 351 2828 de
367 2796 499 2836 rapitur
516 2795 595 2826 uide
612 2795 657 2826 ad
673 2803 711 2825 IV
728 2795 766 2826 91
862 2796 925 2828 549
941 2795 978 2825 at
993 2793 1082 2825 Flor.
1101 2797 1137 2825 et
1154 2793 1266 2831 Bodl.,
1283 2802 1323 2825 ac
1341 2792 1395 2825 GL
1412 2793 1485 2824 cod.
1504 2793 1670 2831 Venetus,
