1855 3088
202 122 283 160 124
502 121 562 161 M.
596 120 847 163 MANILII
878 120 1362 165 ASTRONOMICON
1393 123 1434 164 V

198 231 259 263 109
280 231 332 262 27.
380 231 415 262 in
431 240 469 262 IV
486 232 549 262 617
565 242 626 273 pro
644 234 672 263 et
689 231 871 264 Maeotidis
886 233 958 274 lege
979 232 1125 264 Maeotis
1145 235 1182 264 et.
1230 236 1384 265 ceterum
1399 233 1468 265 alia
1483 233 1676 265 iterationis
1698 233 1734 265 in

196 282 301 313 uerbo
318 283 510 323 composito
527 283 686 324 exempla
702 283 891 315 Maniliana
908 283 1028 325 collegi
1044 283 1089 315 ad
1108 292 1151 315 111
1170 285 1242 315 122.

241 335 306 366 272
328 333 417 364 adde
444 342 472 364 11
498 335 562 365 248
588 337 623 365 et
650 335 713 365 525
734 334 884 375 fundens
910 338 938 366 et
963 335 1137 375 Aquarius
1167 335 1286 372 undas,
1314 336 1378 367 492
1406 335 1561 367 iuuenem
1586 338 1737 368 aeternas

190 384 386 425 fundentem
403 384 559 416 Piscibus
575 384 695 416 undas.

241 437 305 469 278
328 435 425 467 Stob.
446 435 507 468 ecl.
531 444 545 467 I
563 437 603 467 21
625 437 645 467 9
666 436 854 477 (Wachsm.
872 436 941 469 uol.
964 445 978 468 1
996 447 1029 478 p.
1050 437 1112 469 192
1130 436 1203 476 fin.)
1221 440 1344 476 ταύτησ
1364 437 1528 478 (Apteron)
1551 439 1570 476 ὴ
1592 439 1736 478 ἐνέργειά

195 489 264 518 ἐστι
288 489 432 527 καθάπερ
459 489 572 525 ἄξονοσ
587 511 594 518 .
610 512 617 518 .
633 511 640 518 .
656 491 851 528 ἐνεργούσησ
865 513 872 520 .
888 512 895 520 .
911 512 918 520 .
933 490 991 526 τὴν
1019 490 1075 520 τοῦ
1098 491 1255 528 ζῳοφόρου
1279 492 1394 520 κύκλου
1418 490 1606 529 περιφοράν,
1630 489 1735 521 Firm.

195 546 262 569 vm
286 539 325 569 17
348 539 367 569 6
390 537 615 579 (Septentrio)
638 538 677 569 in
699 549 776 570 uno
800 538 926 580 infixus
949 539 1017 571 loco
1040 542 1067 570 et
1088 539 1127 570 in
1148 539 1223 580 ipso
1246 539 1365 571 mundi
1389 539 1537 572 uertice
1559 540 1736 572 collocatus

194 599 290 620 axem
306 589 425 620 mundi
438 593 600 630 perpetua
615 590 776 622 celeritate
804 594 1046 631 contorquet.

240 643 304 674 285
328 640 502 672 adiectiua
517 641 750 673 choriambica
765 652 845 673 cum
860 652 922 682 que
936 642 1109 683 particula
1124 642 1159 674 in
1176 641 1241 674 fine
1257 645 1448 684 posuerunt
1463 642 1632 684 Vergilius
1647 643 1734 675 Aen.

194 700 217 723 v
229 693 293 723 589
307 692 560 732 ancipitemque,
575 692 730 724 Valerius
744 692 886 725 Flaccus
900 702 939 724 VI
955 694 1019 725 208
1032 693 1268 734 alipedemque,
1282 692 1384 725 Silius
1398 702 1412 725 1
1424 694 1488 726 203
1501 693 1735 735 aetheriasque.

196 746 349 775 ceterum
364 743 436 784 lege
455 743 738 784 Bellerophonten,
754 754 816 786 pro
835 743 842 756 ‘
857 744 1024 776 librorum
1039 745 1046 758 ’
1063 748 1183 776 autem
1201 744 1208 757 ‘
1223 745 1437 777 Matritensis
1452 745 1473 776 ’.

240 796 304 827 296
329 804 447 828 arcum
463 798 545 826 ante
562 793 773 837 Scaligerum
789 795 970 827 Turnebus
987 796 1068 827 adu.
1087 805 1138 827 xx
1155 807 1184 828 c.
1202 797 1233 827 5.

239 848 303 879 308
327 846 409 878 Luc.
427 855 468 877 IX
484 847 548 878 532
566 846 712 878 medium
728 846 900 886 siqnorum
916 871 923 878 .
941 871 948 878 .
967 871 973 878 .
990 846 1107 878 orbem.

239 899 302 930 311
326 898 508 938 genetiuus
535 908 615 929 cum
642 898 779 929 uicinus
808 898 993 936 adiectiuo,
1021 902 1159 939 praeter
1185 898 1300 930 locum
1330 898 1580 940 lexicographis
1611 902 1736 930 notum

193 948 275 980 Luc.
300 957 340 979 lx
363 949 428 980 432
451 959 515 990 sq.,
540 949 690 981 habetur
713 950 812 991 Verg.
837 949 923 981 Aen.
949 958 992 980 111
1014 951 1079 982 500
1102 949 1221 980 uicina
1237 973 1244 980 .
1262 974 1269 981 .
1287 974 1294 980 .
1313 949 1494 990 Thybridis
1516 959 1613 987 arua,
1637 950 1736 982 cuius

194 1003 318 1041 poetae
341 1000 409 1031 arti
431 1010 492 1032 nec
515 1001 686 1041 producta
708 1011 770 1033 nec
793 1004 951 1042 correpta
975 1000 1069 1032 finali
1095 1000 1258 1041 Thybridi
1280 1001 1534 1038 conueniebat3
1569 1001 1606 1032 in
1627 1000 1733 1033 Mart.

192 1059 231 1082 VI
246 1052 287 1082 43
304 1051 323 1082 9
339 1051 508 1082 dissident
524 1052 669 1089 codices,
686 1052 722 1083 in
739 1052 840 1083 Ouid.
857 1052 938 1083 fast.
956 1060 995 1082 VI
1010 1053 1074 1084 399
1089 1053 1206 1093 potius
1222 1052 1484 1084 substantiuum
1499 1055 1563 1084 est.

237 1102 332 1143 quod
360 1102 404 1134 ad
433 1103 600 1134 orationis
628 1106 842 1135 structuram
869 1103 1010 1141 attinet,
1040 1113 1110 1144 qua
1137 1113 1180 1134 ex
1208 1113 1319 1144 aequo
1348 1107 1527 1145 ponuntur
1553 1103 1732 1135 ablatiuus

192 1153 372 1185 absolutus
399 1157 435 1185 et
460 1154 615 1194 proxima
646 1154 870 1192 adiectiuum,
903 1155 1021 1186 confer
1052 1154 1127 1186 Liu.
1159 1163 1242 1185 xxn
1271 1156 1314 1186 28
1347 1156 1362 1186 1
1394 1157 1422 1186 et
1449 1154 1601 1195 perfuqis
1631 1154 1737 1185 multa

194 1204 422 1236 indicantibus
441 1208 468 1236 et
482 1216 543 1245 per
560 1215 638 1236 suos
656 1205 878 1246 explorantem
894 1218 901 1242 ;
932 1209 1010 1237 tum
1027 1205 1070 1237 de
1088 1205 1192 1245 qlacie
1208 1207 1244 1237 in
1261 1205 1354 1237 caelo
1373 1206 1473 1247 Verg.
1491 1216 1605 1247 georg.
1625 1214 1639 1237 Ι
1655 1206 1734 1237 236.

194 1259 347 1288 ceterum
365 1256 574 1288 Claudianus
593 1256 669 1288 Stil.
688 1265 717 1287 11
735 1258 753 1288 7
772 1267 822 1297 sq.
840 1268 911 1288 non
926 1257 969 1289 de
986 1268 1073 1288 zona
1089 1260 1285 1298 temperata
1301 1257 1565 1298 septentrionali
1580 1256 1736 1297 loquitur

193 1318 314 1338 uerum
333 1307 375 1339 de
395 1307 545 1339 secundo
565 1311 700 1349 septem
719 1308 856 1339 orbium
875 1308 1078 1340 caelestium
1096 1308 1139 1340 de
1159 1308 1285 1349 quibus
1304 1308 1380 1340 dixi
1398 1308 1443 1339 ad
1463 1307 1547 1340 Luc.
1567 1316 1592 1339 x
1611 1308 1735 1345 205-9‚

193 1358 254 1390 ubi
270 1359 396 1390 addere
414 1360 514 1400 potui
530 1359 695 1391 C.G.A.G.
713 1368 727 1389 Ι
742 1369 801 1400 pp.
822 1360 940 1391 134-7.

238 1412 302 1443 316
325 1419 348 1441 v
366 1411 430 1441 645
447 1420 498 1451 sq.
518 1410 600 1441 niza
617 1420 702 1450 qenu
718 1410 844 1451 species
861 1435 867 1442 .
885 1435 892 1442 .
911 1435 917 1441 .
933 1410 989 1442 cui
1006 1410 1103 1442 nulla
1114 1410 1200 1452 fides
1216 1410 1276 1442 sub
1294 1410 1422 1451 oriqine
1438 1413 1573 1442 constat.
1614 1419 1736 1442 causae

192 1469 205 1492 1
223 1462 298 1499 328,
317 1462 392 1499 754,
410 1470 438 1492 Π
454 1462 508 1499 27,
527 1462 603 1493 695.

237 1515 301 1546 323
325 1512 369 1544 de
386 1516 599 1544 monumenta
614 1512 740 1554 plurali
756 1513 836 1545 uide
853 1513 896 1545 ad
914 1522 952 1544 IV
969 1514 1045 1545 685.

239 1565 348 1597 325-’7
371 1567 498 1604 ceperat
514 1588 520 1595 .
539 1588 546 1595 .
564 1588 571 1595 .
586 1574 648 1604 que
663 1588 669 1595 .
688 1588 694 1595 .
713 1589 719 1595 .
730 1564 820 1605 fecit,
841 1565 904 1595 774
921 1575 971 1605 sq.
985 1564 1212 1605 fabricauerat
1227 1588 1234 1595 .
1253 1588 1259 1595 .
1278 1588 1284 1595 .
1300 1574 1361 1604 que
1376 1588 1383 1595 .
1401 1588 1408 1595 .
1426 1588 1433 1595 .
1449 1563 1635 1595 damnauit.

238 1617 301 1648 331
324 1615 405 1647 Tac.
429 1626 509 1646 ann.
534 1624 604 1646 xm
629 1616 668 1646 15
691 1617 711 1646 4
734 1615 933 1646 attinebatur
955 1616 1114 1647 damnata
1135 1615 1289 1656 ueneficii
1311 1615 1445 1647 nomine
1466 1614 1619 1653 Locusta,
1643 1615 1686 1646 55
1709 1615 1730 1646 2

192 1666 328 1697 nomine
344 1666 533 1704 Boiocalus,
550 1666 638 1698 Plin.
654 1667 724 1698 n.h.
741 1675 794 1698 V11
809 1667 849 1699 83
865 1666 1016 1698 uidimus
1030 1666 1239 1698 Athanatum
1253 1666 1387 1698 nomine
1403 1690 1410 1697 .
1429 1690 1436 1698 .
1453 1690 1460 1697 .
1476 1665 1616 1706 inqredi.

239 1720 303 1751 335
326 1718 362 1749 in
378 1718 471 1749 Man.
490 1727 528 1749 IV
544 1719 608 1749 282
626 1729 686 1759 pro
705 1717 792 1749 hunc
808 1718 880 1760 lege
897 1717 970 1749 huc.

239 1771 304 1802 336
327 1769 415 1801 adde
433 1769 508 1801 Val.
526 1769 577 1800 Fl.
595 1778 633 1800 1v
650 1770 714 1801 690
730 1772 765 1801 et
782 1778 805 1800 v
823 1770 884 1801 173
899 1779 1031 1810 perqere
1048 1769 1118 1806 iter,
1136 1768 1194 1801 Sil.
1214 1777 1284 1800 xm
1300 1769 1361 1800 561
1381 1768 1469 1809 itque
1483 1767 1628 1809 reditque
1645 1767 1733 1799 uias.

192 1820 252 1852 sed
272 1821 429 1857 fortasse,
450 1823 490 1851 ut
509 1821 545 1851 in
564 1820 632 1851 uol.
653 1829 667 1851 1
685 1831 719 1862 p.
740 1820 788 1852 xli
806 1821 1031 1858 conieceram,
1053 1820 1113 1851 erit
1131 1820 1351 1852 retinendum
1369 1823 1422 1851 est
1441 1822 1476 1851 et
1495 1820 1733 1851 nominatiuus

190 1882 234 1903 ex
265 1872 425 1913 sequenti
457 1873 657 1904 accusatiuo
692 1872 965 1913 praecipiendus,
999 1882 1126 1912 semper
1159 1871 1218 1902 erit
1250 1871 1381 1909 bellum,
1415 1871 1496 1911 quia
1524 1870 1667 1911 paribus
1698 1870 1734 1902 id

192 1923 325 1954 uiribus
341 1926 493 1963 aequant,
510 1924 704 1955 cuiusmodi
719 1927 772 1955 est
789 1923 871 1956 Luc.
888 1932 929 1954 lx
944 1924 1053 1955 466-8
1070 1926 1249 1954 concuteret
1265 1922 1420 1963 (Auster)
1437 1925 1539 1953 terras
1555 1946 1562 1953 .
1580 1946 1587 1953 .
1605 1946 1612 1953 .
1627 1921 1658 1952 si
1674 1946 1681 1953 .
1699 1945 1706 1953 .
1725 1945 1732 1952 .

192 1974 295 2014 Libye
311 1999 317 2005 .
337 1998 343 2005 .
361 1999 367 2005 .
383 1974 546 2005 clauderet
562 1999 569 2005 .
587 1999 593 2006 .
612 1998 618 2005 .
634 1975 798 2006 Austrum
813 1987 821 2012 ;
853 1985 935 2006 nam
954 1975 1068 2006 minus
1086 1974 1174 2006 dura
1192 1977 1275 2006 sunt
1293 1973 1362 2005 alia
1380 1983 1469 2014 quae
1487 1973 1533 2005 ad
1551 1982 1595 2004 111
1615 1974 1677 2004 158
1697 1973 1734 2004 in

192 2026 344 2057 editione
361 2029 396 2057 et
413 2036 504 2058 nunc
521 2026 557 2057 in
573 2026 740 2058 addendis
757 2026 900 2058 contuli.

239 2079 303 2110 338
326 2086 349 2108 V
367 2078 431 2108 616
447 2087 498 2118 sq.
516 2088 607 2109 nunc
624 2078 725 2109 aliter
740 2078 990 2119 interpretatus
1006 2087 1094 2108 sum.

238 2130 302 2161 340
326 2137 349 2159 V
379 2129 442 2160 366
469 2128 626 2168 plumeus
642 2153 649 2159 .
667 2153 674 2160 .
692 2153 698 2159 .
715 2128 802 2159 Olor.
850 2139 929 2161 cum
959 2131 1046 2168 terqa
1074 2139 1135 2169 pro
1165 2128 1267 2159 dorso
1296 2127 1520 2168 acciperetur,
1551 2126 1592 2158 A.
1622 2125 1732 2158 Kalk-

190 2189 338 2211 mannus
364 2180 400 2211 in
419 2179 542 2211 Jahrb.
560 2180 594 2211 d.
610 2179 644 2211 k.
665 2180 698 2211 d.
715 2180 864 2212 arch'aol.
884 2180 971 2211 Inst.
990 2190 1045 2211 an.
1066 2180 1151 2211 1886
1168 2190 1201 2220 p.
1220 2180 1284 2211 243
1301 2182 1424 2220 poetae
1441 2177 1644 2210 obuersatas
1661 2187 1733 2209 esse

191 2231 338 2262 coniecit
379 2231 588 2262 feminarum
630 2230 781 2263 oloribus
823 2231 1048 2262 insidentium
1088 2230 1265 2271 imagines,
1303 2229 1414 2270 qualis
1454 2229 1603 2261 habetur
1637 2228 1731 2270 apud

193 2281 441 2313 Benndorfium
466 2281 599 2314 Griech.
625 2292 658 2313 u.
684 2281 780 2313 Sikil.
806 2282 1004 2314 Vasenbild.
1029 2281 1102 2313 tab.
1129 2290 1262 2312 xxxvn
1286 2281 1317 2318 3,
1342 2284 1378 2312 et
1402 2280 1481 2312 inde
1505 2283 1627 2311 natam
1650 2290 1730 2311 con-

190 2333 386 2370 fusionem3
416 2333 471 2365 cui
492 2343 554 2374 ego
576 2334 793 2365 coniecturae
816 2333 909 2374 quod
931 2343 1040 2364 unum
1060 2333 1331 2364 fundamentum
1351 2334 1426 2363 erat
1446 2331 1553 2363 tacite
1573 2330 1732 2362 subtraxi

190 2384 362 2415 monendo
380 2394 451 2415 non
467 2394 539 2416 esse
556 2395 617 2416 cur
633 2387 721 2424 terqa
737 2384 832 2416 aliud
849 2384 903 2416 hic
920 2394 1042 2416 sonare
1059 2384 1136 2425 quis
1153 2383 1381 2415 arbitraretur
1397 2385 1504 2423 atque
1520 2382 1557 2413 in
1573 2381 1729 2413 uersibus

191 2444 277 2475 quos
294 2435 400 2466 attuli
416 2435 629 2476 Vergilianis.
677 2446 717 2467 ea
734 2435 840 2467 nihilo
858 2436 971 2467 minus
987 2446 1051 2467 sua
1066 2445 1101 2466 se
1117 2435 1262 2466 leuitate
1278 2434 1373 2475 apud
1389 2433 1578 2465 Germanos
1595 2432 1729 2474 patriae

189 2489 347 2517 amantes
375 2489 571 2518 sustentat:
615 2486 703 2518 ‘was
729 2487 793 2519 soll
819 2498 861 2518 zu
889 2490 976 2527 terqa
1001 2497 1033 2517 v.
1061 2487 1125 2518 340
1152 2486 1207 2517 die
1236 2485 1431 2526 Erklarung
1460 2484 1630 2525 “corpus,
1658 2493 1729 2514 non

189 2537 331 2568 dorsum
346 2537 365 2550 ’²
392 2537 458 2568 mit
483 2538 635 2569 Hinweis
659 2538 720 2569 auf
744 2538 868 2579 Vergil,
894 2548 945 2569 wo
970 2538 1059 2570 doch
1083 2537 1191 2569 sehon
1213 2536 1314 2577 lange
1338 2535 1493 2567 bekannt
1517 2535 1575 2572 ist,
1600 2533 1727 2566 welche

191 2588 350 2619 bildliche
372 2588 590 2630 Vorstellung
610 2589 739 2620 diesem
759 2590 842 2621 Vers
861 2599 903 2620 zu
924 2588 1064 2620 Grunde
1080 2588 1163 2629 liegt
1181 2590 1194 2620 ¹?
1211 2588 1218 2601 '
1259 2587 1348 2619 adde
1364 2597 1455 2618 nunc
1473 2586 1575 2626 Prop.
1594 2594 1632 2616 Iv
1648 2586 1668 2616 5
1688 2585 1727 2616 13

189 2649 241 2679 sq.
264 2639 460 2679 (Acanthis)
481 2639 593 2670 audaoe
608 2664 615 2670 .
634 2664 640 2670 .
658 2664 665 2670 .
681 2650 744 2670 sua
763 2643 922 2671 nocturno
936 2639 1055 2681 fallere
1074 2642 1162 2678 terqa
1181 2638 1261 2679 lupo
1280 2641 1316 2669 et
1336 2641 1478 2679 propter
1497 2637 1727 2677 interpretum

188 2700 337 2721 errorem
360 2690 460 2722 Ouid.
484 2693 566 2721 met.
590 2699 618 2721 11
638 2692 658 2722 9
680 2701 730 2731 sq.
754 2691 1004 2722 ballaenarum.
1023 2715 1029 2721 .
1048 2693 1268 2730 ‚prementem
1290 2689 1503 2729 (elidentem)
1526 2685 1530 2730 Ι
1550 2687 1726 2727 Aeqaeona

189 2741 262 2772 suis
285 2741 441 2772 inmania
464 2744 551 2781 terqa
574 2743 745 2783 (corpora)
769 2742 908 2780 lacertis,
933 2742 993 2773 ubi
1016 2741 1183 2773 ballaenis
1206 2741 1414 2772 insidentem
1436 2740 1619 2780 Aegaeona
1641 2738 1725 2769 ima-

188 2793 353 2833 ginantur
377 2792 481 2832 idque
507 2792 714 2824 lacertorum
739 2803 804 2834 ope
828 2793 1015 2825 facientem
1039 2803 1151 2834 neque
1176 2791 1319 2823 meliora
1343 2791 1483 2823 discunt
1507 2789 1553 2821 ab
1577 2788 1631 2820 Ib.
1658 2788 1723 2820 395

188 2853 268 2883 quos
284 2843 408 2875 Antaei
419 2843 522 2884 fortes
536 2854 682 2884 pressere
698 2844 821 2876 lacerti.
