1855 3088
182 102 237 142 56
774 101 834 142 Μ.
868 100 1119 143 MANILII

215 222 314 254 423A
342 214 585 268 conspicuus
594 213 759 268 franget
777 215 989 269 spumanti
1009 214 1135 256 limite
1150 221 1323 269 pomum

343 294 386 329 et
406 288 553 342 plausa
572 288 787 330 resonabit
806 303 930 343 aqua,
952 303 1064 330 1111110
1084 303 1264 344 aequore
1284 303 1441 330 mersas

216 371 315 403 424A
344 364 406 415 [et
425 363 594 404 senibus
613 362 872 404 uiresonabit
891 377 1003 418 aqua
1022 377 1134 404 nunc
1154 377 1335 418 aequore
1354 365 1527 416 mersas]

220 444 289 474 425
345 437 517 478 diducet
536 437 699 491 palmas
719 437 878 479 furtiua
898 437 1067 479 biremis
1086 438 1130 479 in
1149 438 1253 492 ipso,

346 526 457 553 nunc
477 511 521 553 in
541 526 673 567 aquas
692 517 832 553 rectus
851 512 994 553 ueniet
1012 527 1224 567 passuque
1243 512 1413 554 natabit

347 591 390 627 et
408 587 521 627 uada
540 587 745 628 mentitus
764 587 913 628 reddet
933 601 1057 642 super
1076 601 1259 642 aequora
1279 601 1478 641 campum
1497 601 1506 637 ;

346 665 423 702 aut
441 661 605 703 inmota
624 661 760 703 ferens
779 661 824 703 in
843 666 985 716 tergus
1004 662 1194 703 membra
1214 661 1409 717 latusque

346 749 432 776 non
451 736 645 777 onerabit
664 750 797 791 aquas
817 736 1075 791 summisque
1095 736 1318 777 accumbet
1337 736 1381 777 in
1399 736 1524 777 undis

223 817 292 848 430
348 810 633 865 pendebitque
653 825 789 866 super,
811 815 929 852 totus
950 811 1037 852 sine
1056 811 1211 866 remige
1230 811 1385 852 uelum.

187 970 251 1001 353
281 969 434 1002 alterna
453 995 459 1002 .
480 995 487 1002 .
507 995 514 1002 .
533 970 716 1002 bracchia
747 970 891 1002 ducens
916 973 1058 1002 natator
1159 973 1224 1003 424
1247 969 1420 1002 resonabit
1443 969 1516 1009 LM,
1542 968 1725 1001 resonabat

187 1019 216 1052 G
306 1030 435 1053 mersas
461 1021 526 1053 GM
551 1025 586 1053 et
612 1023 646 1053 in
673 1022 911 1063 dittographia
936 1022 972 1058 L,
999 1030 1131 1053 mersus
1156 1021 1182 1053 L
1208 1022 1281 1053 cod.
1310 1022 1463 1053 Venetus
1554 1024 1634 1062 post
1661 1023 1726 1053 424

188 1074 288 1103 extat
309 1073 345 1103 in
366 1072 402 1103 M
423 1076 459 1104 et
479 1072 570 1104 linea
591 1073 780 1104 transfixus
801 1074 837 1104 in
858 1073 884 1104 L
906 1084 1025 1104 uersus
1047 1084 1089 1104 ex
1110 1074 1172 1104 421
1198 1076 1234 1104 et
1254 1074 1320 1104 424
1342 1072 1513 1104 conflatus
1534 1075 1568 1104 01
1588 1071 1725 1104 senibus

187 1122 398 1155 uiresonabit
415 1133 506 1164 aqua
524 1132 616 1156 nunc
635 1133 782 1165 aequore
800 1133 941 1163 mersas,
961 1125 996 1155 in
1016 1125 1090 1156 cod.
1112 1125 1245 1156 Veneto
1264 1127 1405 1156 tantum
1424 1126 1458 1155 et
1475 1123 1612 1155 senibus
1631 1123 1724 1155 iuua.

188 1174 318 1206 scilicet
347 1175 398 1206 bis
424 1176 539 1216 posita
566 1186 616 1206 res
643 1175 778 1217 syllaba
800 1175 960 1207 librarius
984 1186 1005 1207 a
1028 1176 1132 1207 ui-res
1156 1176 1202 1207 ad
1225 1175 1403 1207 res-onabit
1427 1175 1660 1212 transiluerat,
1685 1177 1726 1206 ut

190 1227 436 1258 omitterentur
465 1230 535 1258 tres
565 1237 683 1258 uersus
714 1237 794 1258 cum
823 1227 972 1258 duorum
1001 1227 1203 1268 particulis;
1247 1237 1336 1267 quae
1366 1228 1426 1267 qui
1455 1227 1491 1258 in
1521 1229 1726 1257 contextum

190 1287 354 1318 reponere
381 1288 559 1318 aggressus
587 1281 650 1315 est,
678 1279 767 1310 423A
794 1279 1030 1319 praetermisit
1057 1289 1119 1319 pro
1146 1288 1256 1319 eoque
1282 1279 1422 1319 recepit,
1447 1279 1507 1318 qui
1529 1278 1634 1319 recipi
1657 1287 1728 1308 non

191 1328 323 1365 debuit,
351 1329 502 1360 mixtum
527 1329 619 1361 hunc
645 1340 688 1360 ex
714 1329 850 1361 duobus
876 1331 965 1360 424A
1058 1332 1122 1363 425
1148 1329 1284 1361 diducet
1308 1329 1390 1360 Vrb.
1420 1330 1494 1366 667,
1522 1328 1655 1360 dicucet
1679 1328 1726 1367 M,

191 1379 334 1411 deducet
359 1379 413 1411 GL
503 1380 634 1412 furtiua
657 1380 794 1412 biremis
817 1381 846 1419 *,
870 1380 1001 1412 furtiuo
1023 1380 1112 1417 libri,
1137 1384 1214 1412 tum
1239 1379 1341 1412 remis
1366 1379 1393 1411 G
1416 1383 1498 1411 ante
1522 1390 1605 1411 corr.
1631 1382 1667 1411 et
1689 1379 1727 1417 L,

192 1434 255 1462 aut
267 1431 332 1462 1100
346 1435 408 1462 aut
421 1440 523 1463 renus
536 1431 583 1470 M,
597 1440 712 1463 remus
726 1442 768 1463 ex
782 1442 866 1463 corr.
882 1442 927 1463 m.
945 1433 960 1463 1
978 1431 1015 1469 G,
1031 1442 1100 1472 quo
1114 1435 1252 1473 recepto
1260 1431 1390 1472 furtiue
1403 1432 1565 1468 Huetius,
1574 1430 1729 1472 surtinus

193 1483 282 1522 (-uos
307 1482 458 1522 Ellisius)
484 1482 672 1520 Bentleius,
697 1484 757 1524 qui
781 1483 856 1523 ipso
880 1484 1154 1524 interpretantur
1177 1494 1211 1514 se
1235 1483 1318 1523 ipso.
1368 1486 1405 1514 at
1429 1482 1581 1514 diductis
1604 1482 1729 1523 palmis

193 1536 376 1565 natantem
400 1534 576 1565 hominem
601 1538 636 1565 et
663 1537 704 1565 ut
723 1535 773 1565 ait
794 1535 940 1566 Nonnus
961 1537 1075 1574 χεῖρασ
1096 1537 1319 1574 ἐρετμώσαντα
1343 1544 1437 1565 remo
1460 1533 1730 1565 dissimillimum

193 1595 276 1622 0550,
303 1585 449 1616 similem
476 1585 608 1622 biremi,
634 1586 737 1617 inuiti
762 1586 920 1617 fatentur
944 1586 1005 1626 qui
1030 1589 1071 1616 ut
1095 1585 1181 1616 illud
1206 1589 1372 1617 tueantur
1397 1585 1600 1616 adscribunt
1627 1585 1728 1617 Ouid.

194 1636 264 1668 her.
284 1645 379 1667 XVIII
394 1637 459 1667 215
488 1637 606 1668 remis
636 1647 690 1676 090
712 1637 859 1677 corporis
880 1640 966 1674 utar,
990 1637 1079 1668 Stat.
1103 1637 1178 1668 silu.
1202 1645 1216 1668 1
1237 1638 1256 1668 2
1280 1638 1320 1668 87
1344 1647 1393 1677 sq.
1417 1636 1572 1677 Abydeni
1593 1636 1729 1667 iuuenis

194 1687 354 1718 certantia
399 1688 516 1718 remis
546 1686 550 1730 Ι
578 1688 740 1725 bracchia,
788 1688 917 1719 Musae.
964 1689 1029 1719 255
1074 1690 1174 1719 αιίτὸσ
1220 1690 1278 1719 ἐὼν
1324 1691 1466 1728 ἐρέτησ,
1518 1689 1726 1726 αὐτόστολοσ,

196 1740 379 1777 αὑτόματοσ
411 1742 512 1777 νηῦσ,
546 1739 647 1770 Ouid.
680 1739 750 1771 her.
785 1748 880 1770 XVIII
910 1741 971 1770 148
999 1739 1086 1770 idem
1116 1739 1340 1779 nauigium,
1368 1739 1499 1775 nauita,
1528 1742 1637 1770 uector
1667 1748 1730 1769 ero.

196 1789 341 1826 biremi&
356 1792 493 1821 δίκωπον
511 1792 652 1829 σκάφοσ,
669 1793 710 1822 111
726 1790 808 1821 Luc.
826 1799 894 1821 VIII
910 1791 974 1822 562
992 1793 1027 1821 et
1043 1799 1068 1821 x
1085 1791 1137 1822 56.
1185 1793 1273 1832 puto
1292 1791 1460 1831 scriptum
1478 1790 1583 1821 fuisse
1597 1789 1733 1830 furtiua

195 1841 234 1872 ui
265 1841 376 1878 remis,
411 1841 535 1872 deinde
567 1842 702 1872 iactura
734 1841 955 1882 aliquantum
987 1841 1143 1873 leuatum
1176 1841 1394 1873 uersiculum.
1443 1844 1596 1872 ceterum
1629 1842 1732 1882 iunge

196 1902 333 1932 aequore
354 1892 392 1923 in
413 1892 487 1932 ipso
579 1895 644 1925 426
664 1896 780 1929 rectus,
802 1903 873 1924 non
893 1903 1023 1934 pronus
1044 1896 1085 1924 ut
1105 1894 1170 1924 424
1192 1903 1242 1934 sq.
1266 1903 1328 1924 nec
1350 1893 1493 1934 supinus
1514 1896 1555 1924 ut
1576 1893 1641 1924 428

242 1952 344 1985 passu
374 1943 562 1981 Bentleius,
591 1953 732 1985 passum
759 1944 837 1975 libri
927 1943 1061 1976 natabit
1088 1945 1163 1976 cod.
1195 1944 1293 1975 Bodl.
1324 1947 1360 1975 et
1392 1943 1528 1975 Bentlei
1558 1946 1574 1975 δ
1603 1944 1734 1985 (111οΡ10

197 1995 290 2026 idem
319 2005 398 2026 cum
427 1995 501 2026 cod.
532 1995 622 2026 Flor.
650 1995 808 2035 passim),
837 1995 970 2027 notabit
998 1995 1067 2027 GL²
1096 1996 1171 2027 cod.
1202 1996 1366 2032 Venetus,
1395 1995 1531 2027 notauit
1558 1994 1621 2026 LM

245 2046 429 2078 Geuartius
446 2046 542 2077 elect.
557 2055 571 2077 I
585 2048 604 2077 5
619 2047 626 2058 ‘
635 2057 776 2086 passum
789 2050 900 2078 notare
912 2050 964 2078 est
976 2050 1102 2078 natatu
1114 2057 1255 2088 passum
1266 2047 1391 2078 referre
1403 2049 1438 2078 01
1450 2047 1641 2088 exprimere
1653 2049 1688 2077 et
1699 2047 1735 2077 in

200 2098 299 2139 aquis
322 2097 419 2128 uelut
441 2098 477 2129 in
500 2108 623 2139 campo
646 2101 758 2129 erecte
781 2097 993 2129 ambulantis
1009 2099 1157 2139 speciem
1173 2101 1431 2140 repraesentare
1445 2098 1473 2134 '3
1509 2097 1570 2129 sed
1588 2097 1736 2129 notandi

201 2149 358 2185 uerbum,
378 2152 419 2180 ut
438 2148 621 2190 figurandi,
642 2159 682 2180 ea
701 2150 737 2180 ui
756 2150 838 2190 poni
858 2160 957 2190 posse
976 2160 1047 2180 non
1067 2150 1177 2181 docet.
1226 2150 1321 2190 quod
1340 2159 1447 2190 genus
1467 2148 1615 2180 natandi
1633 2149 1735 2190 signi-

201 2199 324 2231 ficetur
345 2210 447 2231 nemo
469 2200 611 2231 dubitat
703 2202 766 2233 427
787 2200 878 2231 uada
897 2201 1063 2237 mentitus,
1087 2201 1094 2213 ‘
1109 2201 1209 2241 quasi
1224 2201 1373 2232 fundum
1389 2200 1536 2241 pedibus
1551 2203 1713 2241 tangeret
1728 2199 1736 2212 ’

204 2250 380 2282 Bentleius
471 2251 586 2283 reddet
606 2250 686 2290 GL2,
706 2251 815 2283 reddit
833 2251 896 2283 LM
986 2252 1021 2283 in
1041 2251 1077 2283 M
1097 2262 1169 2283 esse
1189 2262 1324 2292 aequore
1345 2251 1455 2282 Ellisii
1474 2251 1609 2282 silentio
1630 2250 1737 2282 credi-

202 2302 329 2333 derunt
344 2305 380 2333 et
396 2302 584 2334 Bechertus
601 2306 646 2339 et,
663 2303 723 2343 qui
738 2313 773 2334 se
789 2303 915 2334 codicis
930 2303 1116 2344 imaginem
1131 2303 1398 2344 phototypicam
1414 2302 1567 2333 conferre
1582 2302 1737 2343 potuisse

203 2353 299 2390 dicit,
331 2353 616 2395 Wagenjngenus.
666 2354 701 2384 id
731 2354 924 2385 coniecerat
954 2354 1145 2391 Reinesius,
1177 2364 1281 2394 quem
1311 2354 1420 2385 secuti
1450 2356 1532 2384 sunt
1561 2352 1739 2384 Bentleius

203 2407 239 2435 et
259 2407 339 2445 post
359 2414 439 2436 eum
458 2405 622 2446 plerique,
644 2406 758 2436 nescio
778 2415 885 2446 quare
901 2417 908 2443 ;
942 2415 1054 2446 neque
1074 2405 1169 2446 apud
1188 2406 1280 2437 hunc
1300 2408 1442 2446 poetam
1461 2414 1561 2444 super
1581 2403 1738 2435 ablatiuo

204 2455 405 2496 adiungitur
497 2458 560 2489 428
585 2460 691 2496 terque
716 2457 752 2487 in
776 2456 915 2487 homine
940 2456 1100 2487 Manilius
1126 2460 1303 2497 praeterea
1327 2466 1397 2487 non
1422 2455 1576 2496 appellat
1600 2457 1637 2485 et
1661 2464 1739 2486 raro

206 2507 347 2537 omnino
373 2517 413 2537 ea
439 2517 524 2538 uoce
549 2508 672 2544 utitur,
698 2511 739 2539 ut
764 2518 834 2539 non
860 2508 932 2539 sine
958 2518 1062 2539 causa
1088 2508 1165 2539 edd.
1193 2511 1281 2539 uett.
1310 2511 1433 2547 teryum
1459 2506 1641 2543 dederint;
1680 2505 1741 2537 sed

206 2557 394 2598 Vergilium
415 2557 499 2589 Aen.
523 2567 562 2589 IX
584 2559 647 2589 764
669 2558 706 2589 in
727 2562 834 2598 teryus
854 2559 980 2590 dixisse
1000 2562 1177 2590 testantur
1198 2559 1370 2590 Charisius
1391 2561 1426 2589 01
1446 2557 1585 2589 Seruius
1676 2558 1741 2590 430

205 2617 306 2650 super
320 2608 399 2647 GL2,
413 2618 472 2650 per
485 2609 521 2647 L,
535 2618 593 2650 pre
606 2609 642 2640 M
732 2611 824 2641 totus
840 2610 1027 2647 Bentleius‚
1041 2612 1155 2641 totum
1167 2610 1241 2648 LM,
1255 2611 1370 2641 tutum
1384 2609 1422 2646 G,
1438 2612 1566 2640 tantum
1580 2607 1740 2645 Iacobus,

204 2660 352 2691 fortasse
379 2660 497 2697 solum,
526 2661 623 2691 cuius
650 2662 917 2701 permutationis
945 2661 1111 2702 exemplis
1138 2662 1184 2692 ad
1211 2670 1224 2692 1
1252 2662 1316 2692 779
1340 2660 1466 2692 adlatis
1489 2659 1633 2691 accedat
1655 2658 1738 2690 Luc.

207 2720 232 2742 x
262 2712 326 2743 503
417 2711 544 2752 remige
575 2711 640 2749 GL,
671 2711 835 2753 remigere
865 2712 901 2743 M
991 2712 1109 2744 uelum
1139 2712 1327 2749 Bentleius,
1358 2713 1481 2743 uotum
1509 2711 1588 2742 libri
1678 2711 1740 2747 est,

207 2763 303 2804 quod
318 2764 354 2794 in
370 2762 437 2795 fine
452 2763 584 2795 habent
597 2762 698 2800 GLM,
717 2774 783 2795 om.
802 2763 891 2795 Flor.
906 2767 942 2795 et
959 2764 1071 2800 Bodl..
1087 2775 1149 2796 nec
1165 2774 1243 2795 raro
1259 2764 1295 2795 id
1307 2763 1453 2795 uerbum
1469 2765 1624 2794 extremo
1636 2762 1740 2794 hexa-

210 2818 321 2846 metro
339 2815 480 2847 additur
498 2815 737 2847 detrahiturue
752 2827 759 2847 :
792 2816 872 2847 uide
890 2815 935 2847 ad
953 2824 981 2847 11
998 2817 1073 2848 413.
1122 2816 1201 2847 111110
1219 2815 1294 2848 1000
1312 2826 1382 2847 11011
1400 2814 1563 2846 conuenit
1581 2823 1741 2855 praesens
