1855 3088
595 126 1078 170 ASTRONOMICON
1109 125 1150 167 V
1611 125 1636 162 5

270 241 491 284 constituit
508 241 651 296 magni
671 241 886 296 quondam
905 240 1134 282 fabricator
1154 237 1355 292 Olympi]

323 317 388 357 uir
406 316 539 371 gregis
558 321 601 357 et
620 316 741 370 ponti
759 316 909 365 uictor,
930 315 998 356 cui
1016 319 1137 369 parte
1156 313 1301 354 relicta

270 405 423 431 nomen
442 404 632 445 onusque
651 390 769 431 dedit
787 404 864 430 nec
883 389 989 443 pelle
1008 387 1192 429 inmunis
1212 386 1265 427 ab
1286 386 1389 440 ipsa,

271 464 477 506 Colchidis
497 469 540 505 et
558 463 742 518 magicas
761 468 872 505 artes
893 463 965 518 qui
984 463 1118 503 uisere
1137 461 1282 502 Iolcon

172 546 215 578 35
270 538 440 580 Medeae
459 538 580 580 iussit
599 538 818 593 mouitque
837 551 1000 579 uenena
1019 551 1094 591 per
1112 535 1268 584 orbem,

270 627 381 654 nunc
401 627 567 668 quoque
586 612 770 655 uicinam
788 611 934 667 puppi,
956 625 1032 652 ceu
1049 610 1234 664 nauiget,
1255 608 1367 662 Argo

110 730 171 762 ulli
194 730 295 762 huius
322 730 400 762 libri
423 730 499 762 loco
526 732 721 771 congruunt
747 733 893 769 tempora
919 739 1039 765 rerum,
1065 728 1101 759 id
1128 730 1182 759 est
1207 727 1375 766 καταρχαί.
1424 723 1552 755 deleuit
1580 733 1637 754 eos

110 781 295 813 Bentleius.
344 784 426 813 sunt
460 792 541 813 uero
571 781 760 818 Maniliani,
792 781 859 812 huc
889 781 1104 821 peregrinam
1134 779 1170 809 in
1200 778 1315 809 sedem
1347 775 1453 807 delati
1485 774 1529 806 ob
1561 784 1638 805 eam

109 843 249 864 causam
276 843 382 874 quam
409 832 455 863 ad
477 841 506 863 11
528 833 592 864 232
616 835 651 863 et
674 833 737 864 330
761 831 962 872 significaui‚
987 841 1066 861 cum
1089 833 1124 861 et
1146 830 1183 860 in
1205 830 1247 860 27
1271 832 1306 859 et
1329 828 1364 858 in
1387 828 1428 858 30
1452 826 1638 857 haberetur

106 884 263 924 proprias
287 884 386 915 uires.
435 884 482 915 sic
507 883 619 915 Germ.
646 884 770 924 phaen.
797 883 949 914 387-393
974 892 1054 923 pars
1079 881 1237 912 codicum
1261 882 1341 920 post
1365 879 1429 909 285
1455 876 1638 908 collocauit

109 938 249 976 propter
274 935 445 976 duplicem
470 934 613 975 Aquarii
638 935 860 971 mentionem,
887 933 985 964 Lucr.
1013 941 1051 963 VI
1078 933 1227 963 102—107
1252 931 1327 962 loco
1352 940 1422 961 non
1447 938 1508 960 suo
1534 927 1639 968 positi

108 990 190 1017 sunt·
211 986 255 1017 ob
277 986 328 1017 bis
349 987 515 1027 scriptum
536 986 634 1017 denso
652 1010 658 1017 .
679 1010 685 1016 .
706 1010 712 1017 .
732 985 844 1022 nubes,
866 984 1021 1016 uersibus
1045 985 1106 1015 100
1127 987 1162 1014 et
1186 984 1257 1014 102.
1306 981 1366 1013 sed
1386 981 1421 1012 hi
1442 980 1511 1011 duo
1532 980 1573 1011 30
1595 979 1634 1010 31

109 1037 169 1068 ubi
187 1038 285 1069 initio
305 1038 423 1078 scripti
442 1038 511 1068 sint
530 1040 566 1068 et
584 1037 758 1077 quomodo
778 1037 857 1067 inde
877 1036 1066 1067 exciderint
1085 1045 1176 1066 nunc
1197 1034 1241 1065 ad
1260 1042 1303 1064 ΠΙ
1325 1035 1386 1064 155
1406 1031 1549 1062 disserui

154 1091 283 1122 32-709
303 1089 505 1130 paraphrasi
525 1089 631 1119 uertit
652 1088 818 1119 Firmicus
840 1096 907 1118 V111
928 1088 1013 1118 6-17
1105 1088 1235 1119 32—139
1256 1095 1334 1116 cum
1355 1084 1471 1114 Ariete
1493 1081 1638 1113 orientia

107 1140 229 1177 sidera,
257 1139 348 1180 Argo
376 1139 481 1171 Orion
507 1139 705 1170 Heniochus
733 1139 846 1170 Haedi
873 1139 1015 1179 Hyades
1043 1137 1181 1179 Capella
1272 1137 1380 1169 32—56
1407 1145 1485 1166 cum
1512 1136 1638 1174 quarta

107 1191 233 1222 Arietis
255 1194 354 1232 parte
377 1191 486 1222 oritur
508 1190 622 1231 Argo;
659 1190 753 1231 quod
776 1190 871 1221 nulla
894 1200 972 1221 cum
996 1192 1094 1230 parte
1117 1189 1189 1219 eius
1212 1188 1282 1219 ullo
1305 1187 1443 1218 climate
1466 1185 1535 1216 ullo
1558 1186 1639 1225 post

108 1243 287 1274 hominum
307 1243 507 1273 memoriam
526 1241 662 1273 saeculo
680 1241 772 1273 fecit.
822 1251 900 1272 cum
920 1241 1057 1281 Virgine
1076 1250 1153 1271 eam
1172 1239 1300 1270 Aratus
1321 1239 1394 1274 604,
1416 1247 1494 1268 cum
1514 1236 1637 1266 Leonis

108 1297 206 1335 parte
221 1297 320 1324 sexta
335 1293 555 1334 Hipparchus
570 1301 613 1323 111
631 1295 644 1324 l
666 1294 706 1324 14
722 1293 801 1323 oriri
816 1292 909 1323 dicit.
958 1292 1018 1323 sed
1034 1291 1179 1322 aliorum
1195 1293 1376 1321 auctorum
1392 1288 1637 1319 dissensionem

108 1345 253 1386 posthac
275 1345 447 1381 omittam,
470 1354 673 1375 consensum
692 1344 798 1374 etiam
819 1344 853 1374 in
874 1342 1046 1374 erroribus
1070 1341 1246 1373 adnotabo
1339 1342 1380 1373 32
1404 1342 1445 1372 33
1469 1347 1509 1370 IV
1530 1338 1638 1369 744—8

108 1396 251 1436 Laniger
268 1420 274 1427 .
294 1420 300 1427 .
321 1420 327 1427 .
347 1395 467 1426 adserit
494 1395 532 1426 iu
558 1395 647 1426 uires
672 1398 813 1435 pontum
839 1404 934 1434 quem
961 1394 1085 1425 uicerat
1112 1394 1194 1433 ipse,
1217 1391 1221 1435 Ι
1242 1392 1373 1432 uirqiue
1400 1391 1536 1430 delapsa
1562 1399 1638 1420 cum

101 1445 241 1488 fratrem
263 1446 305 1478 ad
324 1447 421 1478 litora
440 1446 530 1477 uexit
551 1444 555 1489 1
575 1449 603 1477 et
624 1446 735 1477 minui
755 1445 886 1487 defleuit
906 1456 990 1476 orius
1011 1445 1206 1484 dorsumque
1226 1444 1342 1480 leuari,
1365 1451 1392 1473 11
1413 1443 1455 1473 34
1543 1443 1638 1481 parte

108 1498 160 1529 sui
176 1498 298 1535 relicta,
312 1498 437 1529 amisso
454 1508 570 1534 cornu,
584 1497 678 1538 quod
695 1497 794 1528 Helle
810 1497 948 1528 sinistra
965 1497 1115 1527 tenuisse
1132 1496 1258 1527 dicitur
1276 1494 1375 1526 Ouid.
1393 1494 1473 1524 fast.
1492 1501 1535 1523 111
1553 1492 1635 1528 869;

108 1559 165 1581 uec
184 1549 269 1589 pelle
291 1549 443 1580 inmunis
465 1549 505 1580 ab
528 1549 615 1588 ipsa,
633 1551 766 1589 tergore
789 1558 927 1589 quoque
950 1548 1129 1589 spoliatus,
1150 1547 1245 1587 quod
1267 1555 1295 1576 11
1318 1546 1381 1577 532
1405 1543 1637 1586 significatum

107 1603 169 1632 est.
218 1600 314 1632 Erat.
341 1603 464 1631 catast.
494 1600 534 1631 19
560 1602 654 1631 οὗτοσ
683 1600 698 1630 ὀ
724 1601 834 1640 Φρίξον
864 1601 1055 1637 διακομίσασ
1080 1601 1131 1630 καὶ
1153 1598 1292 1636 ϋΕλλην·
1311 1622 1317 1628 .
1337 1622 1342 1628 .
1363 1622 1369 1628 .
1389 1597 1575 1634 διακομίζων
1604 1596 1638 1625 δὲ

108 1653 224 1683 αὐτοὺσ
249 1653 330 1682 κατὰ
352 1653 388 1682 τὸ
412 1653 603 1682 στενότατον
625 1653 682 1682 τοῦ
705 1653 872 1690 πελάγουσ
891 1653 946 1682 τοῦ
971 1651 1025 1681 ἀπ’
1051 1652 1176 1688 ἐκείνησ
1200 1651 1376 1688 κληθέντοσ
1395 1648 1638 1685 Ἑλλησπόντου

109 1705 233 1743 ἔρριψεν
255 1704 353 1740 αὑτὴν
377 1705 435 1734 καὶ
457 1704 497 1734 τὸ
520 1704 629 1743 κέρασ
652 1703 845 1733 ἀπολέσασ
862 1727 868 1733 .
889 1727 895 1734 .
918 1726 924 1733 .
944 1703 999 1733 τὸν
1025 1703 1057 1733 δὲ
1078 1703 1187 1741 Φρίξον
1210 1703 1259 1731 εἰσ
1280 1702 1333 1731 τὸν
1356 1702 1501 1738 Εὔξεινον
1522 1700 1636 1729 πόντον

109 1754 250 1786 σωθέντα
282 1756 364 1795 πρὸσ
391 1754 515 1792 Αἰήτην
545 1755 731 1792 διεκόμισεν,
765 1752 789 1793 ᾧ
821 1756 872 1784 καὶ
900 1755 994 1784 ἐκδὺσ
1022 1755 1115 1784 ἔδωκε
1142 1755 1200 1790 τὴν
1227 1754 1349 1792 χρυσῆν
1378 1752 1480 1791 δοράν.
1534 1749 1638 1789 uulgo

104 1809 198 1845 parte
229 1805 342 1836 relicta
373 1805 418 1836 ad
448 1815 533 1835 onus
564 1805 728 1841 referunt,
761 1805 855 1845 quod
886 1804 959 1835 fieri
990 1815 1060 1835 non
1090 1804 1224 1845 patitur
1256 1803 1475 1834 interiectum
1505 1810 1636 1836 uomere,

106 1859 142 1887 et
166 1856 290 1887 Hellen
315 1855 497 1896 significari
522 1856 657 1892 uolunt,
683 1866 762 1887 cum
785 1859 903 1887 tamen
927 1856 999 1886 eius
1023 1855 1117 1895 quod
1140 1858 1240 1895 parte
1263 1854 1383 1885 relicta
1407 1853 1511 1884 datur
1535 1851 1637 1883 alicui

106 1917 147 1938 ea
167 1907 286 1938 relicta
306 1917 386 1948 pars
407 1910 459 1938 est
480 1917 569 1947 quae
590 1917 659 1938 non
681 1907 795 1943 datur,
818 1910 858 1938 ut
879 1906 1026 1937 Phrixus
1047 1907 1163 1947 potius
1185 1904 1433 1946 intellegendus
1453 1904 1559 1935 fuerit

152 1960 193 1992 32
208 1957 303 1999 ponti
317 1957 427 1989 uictor
441 1957 513 1996 LM,
530 1956 640 1989 uictor
653 1957 750 1998 ponti
764 1956 792 1988 G
881 1957 998 1989 relicta
1014 1956 1078 1995 GL,
1095 1956 1185 1988 dicta
1199 1957 1235 1988 M
1250 1957 1309 1988 sed
1325 1959 1443 1997 postea
1461 1965 1545 1986 corr.

151 2012 192 2042 33
210 2018 296 2041 onus
311 2009 399 2047 L2M,
417 2008 528 2040 honus
544 2008 581 2047 L,
598 2008 707 2040 honos
725 2007 753 2040 G
843 2011 885 2042 34
902 2008 1012 2040 uisere
1030 2008 1076 2047 M,
1096 2009 1207 2039 uestre
1226 2007 1262 2046 L,
1279 2008 1411 2039 uertere
1430 2005 1510 2045 GL2,
1529 2015 1637 2046 quam

104 2061 337 2092 coniecturam
363 2059 551 2101 posthabui
579 2060 802 2091 Bentleianae
891 2059 1029 2091 iolchon
1055 2059 1235 2090 Turnebus
1266 2059 1344 2090 adu.
1375 2067 1496 2089 xxvm
1523 2068 1550 2088 c.
1583 2058 1635 2093 15,

104 2111 224 2143 colcon
247 2111 283 2150 L,
309 2111 453 2143 colchon
476 2111 563 2150 L2M,
589 2110 758 2142 cholchon
782 2109 819 2143 G.
866 2122 973 2152 prope
997 2111 1170 2142 sollemnis
1195 2121 1287 2142 error
1309 2110 1399 2141 redit
1424 2110 1507 2140 Hor.
1534 2108 1633 2149 epod.

105 2165 125 2194 5
141 2164 195 2200 21,
216 2162 316 2204 Prop.
339 2171 367 2194 11
386 2164 397 2194 l
421 2164 474 2199 54,
493 2162 593 2194 Ouid.
612 2166 693 2194 met.
712 2171 765 2194 vn
783 2164 856 2199 158,
874 2162 950 2194 Sen.
969 2162 1058 2193 Med.
1077 2164 1141 2193 457
1233 2164 1275 2195 35
1291 2161 1429 2193 medeae
1446 2160 1634 2196 Bentleius,

106 2214 261 2245 medeam
285 2213 448 2255 (mediam
471 2213 519 2253 M)
543 2213 620 2245 libri
642 2217 784 2255 propter
806 2214 904 2245 iussit
996 2216 1038 2246 36
1061 2213 1212 2245 uicinam
1235 2213 1344 2244 Arieti
1367 2212 1539 2253 Argonem
1563 2221 1635 2242 esse

105 2265 191 2297 adeo
214 2275 284 2296 non
308 2275 429 2296 uerum
451 2268 504 2296 est
525 2268 565 2296 ut
585 2268 711 2305 quarta
731 2265 802 2296 fere
823 2265 906 2296 caeli
927 2268 1026 2305 parte
1047 2265 1189 2301 distent,
1211 2264 1306 2305 quod
1325 2264 1381 2295 uel
1401 2274 1443 2295 ex
1463 2272 1477 2294 1
1497 2264 1561 2294 216
1582 2272 1632 2302 sq.

104 2316 255 2358 intellegi
273 2317 389 2358 potuit
403 2328 411 2353 ;
443 2316 503 2347 sed
521 2319 625 2357 poeta
643 2327 722 2347 cum
740 2316 831 2347 hunc
850 2317 1012 2356 quintum
1030 2315 1156 2347 librum
1175 2315 1403 2347 conscriberet
1421 2325 1482 2346 nec
1501 2313 1634 2345 caelum

104 2368 273 2408 suspicere
310 2367 472 2408 dignatus
509 2370 562 2398 est
598 2377 659 2398 1100
696 2367 878 2408 sphaeram
915 2367 1038 2398 saltem
1075 2366 1237 2398 adhibere
1326 2365 1458 2407 puppi*,
1495 2364 1635 2406 puppim

104 2418 192 2455 libri,
217 2422 257 2450 ut
279 2418 305 2449 L
328 2420 434 2450 etiam
458 2420 511 2455 41,
536 2418 631 2459 quod
652 2418 861 2450 uocabulum
880 2419 907 2449 si
927 2428 1053 2449 nauem
1073 2417 1242 2459 significat
1262 2417 1441 2449 abundat:
1469 2417 1573 2448 debet
1594 2426 1634 2447 eo

105 2469 251 2506 ostendi,
271 2469 367 2500 cuius
386 2469 547 2510 frequens
562 2469 599 2500 in
614 2469 679 2500 hoc
695 2469 804 2500 sidere
821 2469 952 2500 oriente
968 2469 1098 2500 mentio
1115 2471 1178 2505 est,
1196 2472 1320 2509 πρύμνα
1337 2468 1465 2509 nauigii
1481 2469 1634 2507 ἡμιτόμου

104 2523 140 2552 et
156 2520 267 2552 auersi
282 2520 463 2561 surgentis,
480 2530 550 2561 qua
566 2520 646 2551 duci
661 2520 798 2551 dicitur.
846 2520 942 2551 Arat.
964 2521 1072 2551 3424
1095 2522 1241 2551 ἕλκεται
1265 2521 1369 2561 Ἀργὼ
1391 2519 1395 2563 Ι
1416 2520 1631 2560 πρυμνόθεν·

106 2573 140 2603 οὑ
170 2573 234 2612 ’γὰρ
263 2571 304 2611 τῇ
332 2584 370 2611 ’γε
403 2573 484 2602 κατὰ
516 2573 616 2612 χρέοσ·
648 2573 710 2602 εἰσὶ
743 2573 883 2603 κέλευθοι
906 2570 910 2614 Ι
930 2571 1004 2603 ἀλλ’
1040 2573 1149 2602 ὄπιθεν
1188 2573 1327 2612 φέρεται,
1362 2570 1467 2602 schol.
1504 2572 1632 2610 φέρεται

103 2624 167 2663 γὰρ
195 2624 240 2654 ὡσ
267 2625 319 2654 ἐπὶ
344 2625 499 2662 πρύμναν,
528 2622 594 2654 Cic.
623 2623 684 2653 126
708 2632 758 2663 sq.
781 2623 967 2662 prolabitur
990 2623 1078 2662 Aryo
1101 2621 1104 2665 Ι
1124 2632 1316 2653 conuersum
1337 2632 1418 2662 prae
1441 2632 1474 2652 se
1495 2624 1634 2662 portans

102 2683 178 2704 cum
202 2673 328 2704 lumine
346 2673 504 2713 puppim,
522 2673 635 2704 Germ.
652 2674 716 2705 346
736 2683 871 2713 puppe
891 2673 1009 2704 etenim
1031 2673 1220 2710 trahitur,
1245 2674 1366 2704 Auien.
1386 2675 1448 2704 765
1471 2673 1520 2703 sic
1543 2673 1632 2712 Arqo

101 2724 245 2755 rutilans
267 2724 332 2764 (ita
353 2724 475 2761 scribo,
497 2723 634 2755 rutilam
655 2723 744 2761 libri,
767 2724 846 2755 uide
871 2726 954 2756 1100
977 2725 1081 2756 Orion
1102 2725 1246 2756 rutilans
1269 2724 1420 2755 ardentia
1441 2724 1575 2763 cirzyula
1596 2726 1633 2754 et

103 2775 199 2807 Arat.
214 2776 278 2807 349
294 2776 360 2816 sq.)
374 2778 504 2806 tautum
519 2775 604 2806 iuter
615 2775 725 2806 sidera
738 2776 886 2816 puppim
903 2775 907 2819 Ι
923 2776 1098 2808 ducitur.
1146 2775 1306 2807 Manilius
1320 2776 1392 2815 iqui
1404 2778 1509 2815 atque
1525 2775 1631 2805 etiam

101 2826 193 2868 parti
216 2826 411 2859 ablatiuum
435 2826 552 2864 habet,
574 2837 691 2867 puppe
713 2837 781 2858 non
806 2827 913 2859 habet
1003 2836 1065 2860 ceu
1089 2826 1179 2859 Flor.
1204 2830 1240 2858 et
1261 2826 1373 2865 Bodl„
1396 2826 1460 2859 celi
1481 2826 1528 2863 M,
1548 2825 1633 2857 caeli
