1855 3088
218 107 271 145 50
808 103 869 145 M.
903 103 1154 146 MANILII

251 223 318 254 385
375 220 451 256 aut
470 214 594 256 certis
613 229 809 257 reuocare
829 214 954 265 notis,
975 219 1198 270 totamque
1218 230 1292 270 per
1310 215 1459 257 urbem

376 289 447 344 qui
467 294 637 343 gestant
657 289 795 330 caucis
814 290 1005 330 uolucres
1025 290 1079 330 ad
1099 289 1211 331 iussa
1230 295 1415 344 paratas,

376 378 556 418 quorum
576 363 711 404 omnis
731 378 863 417 paruo
884 363 1077 405 consistit
1096 378 1262 418 passere
1281 379 1442 406 census.

376 438 451 479 has
472 438 551 479 erit
571 443 614 479 et
633 437 778 479 similis
797 438 987 479 tribuens
1009 438 1108 480 Olor
1127 452 1277 479 aureus
1297 443 1421 480 artes.

429 512 717 566 Anguitenens
737 527 890 567 magno
911 512 1195 554 circumdatus
1216 513 1315 554 orbe
1335 513 1541 563 draconis,

250 594 319 625 390
374 601 471 627 cum
490 587 609 628 uenit
628 586 671 627 in
691 586 857 641 regione
876 591 989 637 tuae,
1012 587 1273 642 Capricorne,
1295 587 1465 642 figurae,

374 676 460 703 non
479 660 648 702 inimica
668 661 771 702 facit
791 666 1035 716 serpentum
1053 662 1243 703 membra
1263 662 1426 703 creatis.

375 736 582 790 accipient
602 735 845 790 sinibusque
865 736 950 777 suis
969 736 1177 791 peploque
1196 736 1345 777 fluenti

374 811 599 865 osculaque
619 810 836 851 horrendis
856 810 1031 865 iungent
1050 810 1207 865 inpune
1227 811 1411 852 uenenis.

427 890 486 935 at,
509 899 606 926 cum
625 899 668 926 se
687 885 827 940 patrio
846 885 1082 940 producens
1102 900 1282 940 aequore
1302 885 1432 926 Piscis

211 1078 274 1107 est.
323 1075 453 1106 reddere
471 1074 569 1112 caelo,
588 1074 653 1106 hoc
671 1077 724 1106 est
742 1075 822 1112 aeri,
842 1085 904 1106 suo
923 1085 962 1106 ac
980 1075 1113 1112 natiuo,
1132 1076 1197 1107 296
1214 1075 1409 1115 pendentem
1427 1100 1433 1107 .
1454 1100 1461 1107 .
1481 1099 1488 1107 .
1506 1085 1566 1107 suo
1584 1075 1750 1107 uolucrem

213 1151 220 1158 .
241 1151 247 1158 .
269 1151 275 1158 .
294 1127 381 1158 caelo
473 1128 537 1159 385
555 1128 616 1158 aut
634 1125 751 1163 GL²M‚
771 1128 808 1157 at
824 1126 861 1164 L,
881 1126 974 1157 unde
991 1137 1029 1158 ac
1052 1126 1229 1158 Bentleius
1253 1127 1353 1168 eique
1376 1127 1542 1168 peccandi
1567 1127 1749 1158 dulcedine

211 1179 387 1219 aggregati
415 1178 604 1209 Bechertus
632 1178 806 1209 Breiterus
833 1178 1122 1219 Wageningenus,
1150 1178 1276 1219 quibus
1303 1189 1393 1219 quae
1420 1179 1597 1220 Hauptius
1625 1178 1749 1210 celebri

211 1230 449 1271 disputatione
477 1240 593 1270 opusc.
622 1238 636 1260 1
662 1240 719 1270 pp.
751 1230 879 1260 107-10
907 1229 1073 1260 docuerat
1100 1240 1208 1270 aeque
1239 1230 1359 1271 ignota
1389 1233 1488 1261 erant
1519 1240 1559 1261 ac
1590 1229 1749 1261 Bentleio

212 1292 304 1313 anno
327 1282 410 1312 1742
433 1284 581 1312 mortuo.
631 1283 784 1312 ceterum
804 1284 897 1312 recte
918 1284 976 1312 aut
996 1281 1167 1322 particula
1189 1282 1446 1322 coniunguntur
1466 1291 1556 1322 quae
1575 1291 1637 1323 per
1656 1281 1749 1313 uices

211 1332 312 1369 fiunt,
339 1336 379 1364 ut
405 1341 418 1363 1
444 1333 507 1363 652
534 1331 639 1363 reddit
658 1355 664 1363 .
685 1355 692 1363 .
712 1355 719 1363 .
737 1335 795 1363 aut
820 1332 949 1372 recipit,
976 1341 1018 1363 111
1044 1334 1107 1363 557
1134 1342 1183 1373 sq.
1211 1332 1328 1364 recedit
1350 1331 1353 1376 Ι
1374 1336 1431 1364 aut
1456 1332 1539 1363 redit
1628 1331 1749 1364 urbem

212 1383 277 1421 GL,
295 1383 412 1416 orbem
426 1383 462 1415 M
554 1385 618 1416 386
633 1384 768 1424 gestant
784 1382 900 1421 GL²M‚
918 1385 1028 1424 gestat
1043 1383 1068 1414 L
1084 1384 1158 1415 cod.
1177 1384 1340 1415 Venetus.
1389 1384 1474 1415 nihil
1489 1384 1557 1416 huc
1572 1385 1750 1425 pertinent

213 1438 385 1475 χελιδόνασ
410 1436 639 1474 περιφέροντεσ
663 1434 758 1475 apud
782 1434 831 1466 Io.
858 1434 977 1476 Chrys.
1003 1435 1096 1466 hom.
1122 1436 1158 1466 in
1181 1435 1307 1466 Matth.
1334 1436 1376 1467 35
1401 1436 1420 1467 3
1442 1435 1559 1476 (Mign.
1578 1438 1668 1476 patr.
1688 1435 1745 1467 Gr.

212 1496 287 1518 LVH
312 1498 345 1528 p.
372 1487 465 1526 409),
491 1485 571 1517 uide
597 1496 681 1516 num
707 1485 884 1516 rnerulator
910 1486 1006 1517 anth.
1034 1487 1138 1527 epigr.
1168 1486 1295 1518 Buech.
1323 1487 1388 1518 463
1417 1487 1431 1517 1
1525 1485 1639 1518 caueis
1665 1485 1746 1525 (312²,

212 1537 348 1570 acaueis
376 1537 439 1569 LM
552 1537 656 1568 iussa.
710 1536 797 1568 Plin.
823 1537 893 1568 n.h.
920 1546 944 1568 x
971 1538 1032 1568 116
1057 1537 1218 1569 minimae
1246 1537 1366 1569 auium
1393 1537 1560 1569 cardueles
1584 1538 1748 1578 imperata

206 1589 352 1630 faciunt,
372 1599 430 1620 nec
447 1599 525 1619 uoce
543 1592 673 1619 tantum
690 1587 747 1619 sed
761 1588 903 1628 pedibus
921 1591 949 1619 et
966 1599 1020 1619 ore
1035 1599 1097 1628 pro
1114 1588 1271 1620 manibus
1362 1591 1426 1622 38¹7
1444 1588 1599 1620 consistit
1614 1598 1749 1630 passere

213 1640 278 1679 GL,
300 1639 453 1672 constitit
471 1648 609 1680 pascere
628 1638 675 1676 M,
697 1639 762 1670 hoc
783 1640 889 1670 etiam
910 1639 984 1670 cod.
1007 1639 1161 1671 Venetus
1253 1642 1317 1673 388
1337 1639 1400 1671 has
1421 1639 1484 1671 erit
1502 1639 1539 1671 M
1558 1641 1648 1671 siout
1668 1651 1747 1672 con-

212 1693 340 1723 iecerat
368 1691 528 1731 Scaliger,
557 1689 705 1722 haeserit
733 1689 788 1721 GL
879 1690 939 1721 erit
967 1690 1124 1727 tribuens,
1154 1691 1234 1722 uide
1262 1692 1326 1722 255
1418 1690 1491 1722 olor
1518 1700 1642 1723 aureus
1671 1691 1746 1723 cod.

213 1743 316 1780 Flor.,
343 1742 398 1774 olo
423 1744 562 1773 taureus
587 1741 633 1779 M,
660 1740 754 1773 color
778 1750 902 1773 aureus
929 1741 983 1773 GL
1075 1744 1227 1775 389-448
1252 1753 1331 1773 cum
1358 1742 1564 1783 Capricorno
1590 1743 1748 1780 orientia,

215 1794 416 1835 Ophiuchus
448 1793 554 1824 Piscis
585 1793 712 1824 Notius
743 1792 845 1823 Fides
876 1792 1069 1833 Delphinus
1162 1795 1314 1826 389—393
1338 1803 1417 1824 cum
1448 1793 1665 1834 Capricorno,
1697 1795 1748 1825 111-

213 1848 347 1877 certum
360 1847 470 1885 quota
483 1847 593 1885 parte,
607 1847 648 1874 ut
662 1844 726 1875 394
740 1843 860 1880 Piscis,
874 1845 938 1875 409
953 1844 1065 1880 Fides,
1079 1845 1144 1875 416
1158 1844 1362 1885 Delphinus,
1377 1845 1486 1875 oritur
1501 1844 1702 1886 Ophiuchus

303 1898 367 1929 389
389 1895 614 1936 anguitenens
636 1894 795 1936 Scaliger,
819 1896 852 1926 et
874 1894 931 1935 qui
951 1896 1071 1926 tenens
1093 1895 1139 1934 M,
1162 1895 1353 1927 arcitenens
1375 1895 1455 1934 GL2,
1478 1898 1676 1928 arcetenens
1697 1896 1746 1929 L:

213 1948 281 1979 fuit
302 1949 338 1979 in
361 1947 550 1988 archetypo
573 1946 793 1986 arquitenens.
842 1946 1011 1977 Firmicus
1033 1955 1101 1977 V111
1125 1948 1164 1977 15
1190 1948 1203 1977 1
1230 1947 1268 1978 in
1286 1947 1410 1986 primis
1429 1947 1582 1987 partibus
1605 1947 1683 1987 (hoc
1705 1948 1748 1979 de

213 2000 289 2039 suo)
314 1998 516 2039 Capricorni
539 1998 645 2028 oritur
672 1997 879 2038 Ophiuchus,
906 1997 1022 2029 Cicero
1045 1997 1114 2028 n.d.
1140 2006 1168 2029 11
1193 1999 1255 2030 108
1278 1998 1519 2038 Anquitenenc,
1543 2008 1638 2038 quem
1659 1998 1748 2030 claro

210 2050 381 2090 perhibent
406 2049 618 2089 Ophiuchum
641 2048 775 2079 nomine
799 2048 881 2080 Grai
971 2048 1127 2080 draconis
1151 2048 1217 2087 GL,
1241 2049 1412 2081 dracontis
1435 2049 1482 2087 M,
1506 2059 1576 2090 qua
1599 2051 1748 2082 nominis

212 2102 324 2133 forma
338 2101 482 2132 Accium
496 2110 598 2131 usum
614 2110 686 2131 esse
701 2100 897 2141 accepimus
911 2103 947 2131 et
960 2100 1107 2131 fortasse
1121 2100 1176 2132 hic
1190 2111 1272 2131 usus
1287 2103 1340 2131 est
1353 2100 1515 2132 Manilius
1529 2100 1575 2132 ad
1589 2101 1746 2133 differen-

212 2154 300 2184 tiam
313 2152 518 2193 signandam
535 2163 542 2188 ;
569 2162 750 2192 perperam
764 2152 855 2182 enim
869 2151 1018 2192 Scaliger
1031 2154 1066 2182 et
1079 2151 1233 2192 plerique
1245 2151 1363 2183 littera
1376 2151 1566 2183 maiuscula
1581 2152 1748 2184 Draconis

213 2204 418 2244 (Bechertus
442 2206 478 2234 et
502 2203 780 2243 VVageningenus
805 2203 911 2233 etiam
935 2202 1126 2242 Serpentem
1150 2211 1163 2233 1
1187 2204 1277 2242 331),
1302 2203 1402 2244 quasi
1425 2204 1561 2244 signum
1586 2204 1654 2241 sit3
1692 2205 1747 2236 cui

213 2255 360 2286 similem
393 2254 646 2295 neglegentiam
679 2254 801 2285 notaui
834 2254 879 2285 ad
912 2262 925 2284 1
958 2254 1018 2285 691
1114 2256 1266 2287 391-393
1299 2257 1393 2285 creat
1427 2254 1627 2295 Ophiuchus
1660 2265 1747 2296 quos

212 2306 380 2337 Firmicus
399 2306 531 2337 Marsos
544 2305 708 2346 appellat,
722 2305 786 2336 hoc
800 2308 853 2336 est
865 2305 1100 2336 incantatores
1114 2306 1337 2346 serpentium,
1352 2305 1472 2337 C.G.L.
1488 2314 1511 2336 v
1527 2315 1559 2346 p.
1575 2307 1639 2337 572
1659 2307 1702 2338 34

301 2360 363 2390 391
391 2358 455 2389 699
481 2367 530 2397 sq.
559 2367 627 2387 non
652 2356 794 2387 inimica
814 2356 907 2397 serae
933 2356 993 2387 tali
1018 2356 1078 2387 sub
1104 2360 1246 2396 ternpore
1272 2356 1361 2387 natis
1383 2355 1387 2399 Ι
1407 2367 1465 2388 ora
1484 2356 1592 2397 ferent
1683 2360 1747 2391 392

211 2408 378 2449 accipient
401 2408 439 2446 G,
462 2407 634 2448 accipiunt
655 2407 719 2439 LM
809 2407 938 2439 sinibus
960 2407 1012 2446 L2,
1035 2407 1172 2439 senibus
1195 2407 1269 2445 GM,
1293 2407 1447 2439 sensibus
1469 2407 1505 2446 L,
1528 2416 1647 2440 sensus
1670 2409 1745 2440 cod.

211 2460 365 2491 Venetus
381 2472 387 2491 :
420 2460 499 2490 uide
516 2461 577 2490 421
671 2458 836 2500 peploque
853 2458 973 2490 fluenti
990 2458 1027 2497 G,
1046 2458 1237 2500 populoque
1254 2458 1390 2490 fluentis
1407 2458 1470 2490 LM
1487 2459 1561 2490 cod.
1580 2459 1745 2497 Venetus,

211 2512 328 2547 ctiam,
363 2521 406 2541 ne
439 2521 518 2541 cum
551 2510 808 2550 Wageningeno
843 2510 988 2540 Breiteri
1021 2510 1201 2541 mendacio
1235 2510 1364 2546 credas,
1399 2510 1563 2541 Cusanus.
1605 2510 1748 2551 fluentis

211 2562 350 2593 defendi
372 2572 471 2602 posse
493 2561 683 2592 ostendunt
705 2561 786 2592 Luc.
810 2569 853 2591 ΙΠ
874 2562 935 2592 421
960 2561 1075 2592 robora
1093 2585 1100 2592 .
1121 2585 1127 2592 .
1148 2585 1155 2592 .
1173 2561 1297 2592 circum
1312 2561 1455 2601 fluxisse
1476 2561 1631 2592 dracones
1652 2565 1688 2593 et
1708 2571 1748 2593 VI

210 2614 276 2644 408
294 2612 426 2653 Python
444 2637 450 2643 .
471 2637 478 2643 .
498 2637 505 2643 .
518 2612 621 2652 fluxit
639 2612 676 2642 in
693 2622 789 2648 arua,
809 2612 869 2643 sed
886 2612 965 2643 uide
984 2611 1101 2644 Claud.
1123 2621 1147 2642 Χ
1167 2613 1228 2643 123
1244 2612 1444 2652 peplumque
1455 2612 1625 2653 fluentem,
1644 2612 1744 2654 Verg.

211 2665 295 2696 Aen.
321 2673 334 2695 1
357 2665 421 2695 320
444 2663 542 2694 sinus
560 2687 566 2694 .
587 2687 594 2694 .
615 2688 621 2694 .
634 2663 775 2704 fluentis
878 2666 942 2696 393
964 2663 1105 2694 uenenis
1128 2673 1217 2704 quae
1240 2663 1458 2704 serpentibus
1480 2664 1516 2694 in
1539 2673 1596 2694 ore
1618 2667 1700 2695 sunt

301 2717 453 2749 394—408
480 2725 559 2746 cum
586 2714 792 2755 Capricorno
819 2715 928 2745 oritur
955 2714 1060 2746 Piscis
1087 2714 1222 2746 Notius.
1271 2714 1325 2746 hic
1352 2717 1476 2755 poetae
1501 2714 1615 2745 fraudi
1640 2715 1746 2747 fuisse

210 2770 327 2808 potest
369 2766 464 2808 quod
506 2766 634 2797 Aratus
677 2765 810 2796 Piscem
853 2768 945 2796 νειόθι
990 2768 1188 2806 Αἰγοκερῆοσ
1234 2767 1416 2805 αἰωρεῖσθαι
1459 2765 1544 2797 dicit
1585 2766 1650 2797 386
1691 2776 1741 2807 sq.

210 2821 246 2850 et
272 2820 359 2859 αὐτῷ
388 2819 590 2857 ὑποκείμενον
619 2818 789 2858 Αἰγοκερῆι
816 2816 951 2849 inducit
976 2818 1052 2856 702,
1076 2820 1158 2849 sunt
1181 2817 1272 2848 enim
1294 2817 1424 2860 partim
1446 2817 1482 2849 in
1504 2816 1614 2848 isdem
1634 2816 1742 2860 longi-
