1855 3088
160 97 214 136 92
751 96 813 139 M.
845 96 980 140 MAN
982 97 1096 139 ILII

318 206 465 248 mersit
483 211 527 249 et
546 207 733 249 ardentis
754 208 883 250 Orion
902 223 1053 251 aureus
1072 209 1178 265 ignis

317 281 519 336 signaque
538 286 821 337 transgressus
840 288 1058 338 permutat
1077 289 1270 339 tempora
1290 285 1498 337 Phoebus,

195 362 262 393 725
318 355 491 410 effulget
509 356 694 398 tenebris
714 361 757 398 et
776 362 900 399 nocte
920 358 1164 400 accenditur
1183 364 1290 401 atra.

317 434 413 471 tum
431 430 621 472 conferta
640 430 739 473 11061
758 432 863 473 03611
881 432 1087 487 fulgentia
1106 433 1267 489 templa

318 518 484 546 cernere
504 505 734 547 seminibus
753 506 940 548 minimis
959 511 1185 562 totumque
1205 507 1359 549 micare

318 578 507 633 [spiritus
527 584 604 621 aut
622 580 765 621 solidis
785 580 924 622 desint
943 581 1082 637 sitque
1101 581 1204 623 haec
1224 582 1432 624 discordia
1451 585 1640 637 concors]

317 653 526 708 stipatum
544 654 675 695 stellis
694 654 904 696 mundum
922 670 999 697 nec
1019 656 1164 698 cedere
1183 671 1350 698 summa

195 734 263 766 730
317 726 490 769 floribus
509 734 586 770 aut
605 728 739 771 siccae
758 743 937 771 curuum
956 745 1030 785 per
1049 730 1150 772 litus
1168 730 1363 782 harenae,

317 802 403 853 sed,
426 807 532 858 quot
551 808 652 845 eant
670 818 834 859 semper
852 810 1073 847 nascentes
1092 819 1273 861 aequore
1292 805 1460 857 fluctus,

154 1005 200 1036 ad
219 1005 259 1038 G.
278 1005 484 1038 Richterum
503 1007 641 1048 scriptis
659 1007 755 1049 apud
771 1008 1085 1040 Wordsworthium
1103 1019 1136 1050 p.
1153 1010 1228 1047 368,
1247 1018 1337 1051 uaga
1357 1011 1408 1041 est
1421 1009 1482 1042 illa
1497 1019 1515 1042 e
1530 1009 1619 1041 libri.
1652 1010 1695 1041 de

153 1056 249 1088 terris
269 1057 348 1088 uide
367 1057 412 1088 ad
431 1066 459 1088 11
479 1059 543 1089 949
560 1058 733 1090 adnotata
799 1068 863 1091 sua
880 1059 1014 1092 lumina
1030 1070 1092 1101 pro
1109 1071 1182 1093 uar.
1204 1071 1266 1093 scr.
1289 1061 1340 1100 L2,
1357 1060 1532 1093 sulumina
1550 1061 1596 1100 M,
1617 1061 1693 1093 sub-

152 1107 249 1140 limia
264 1108 319 1140 GL
334 1109 408 1141 cod.
421 1110 584 1141 Venetus
664 1112 728 1143 723
742 1109 831 1151 ignis
848 1111 939 1143 Flor.
957 1114 993 1143 et
1008 1111 1123 1149 Bodl.,
1140 1111 1212 1153 igni
1228 1112 1320 1144 GLM
1397 1115 1461 1147 '724
1475 1114 1649 1154 permutat
1664 1112 1694 1151 *,

153 1161 266 1191 mutat
286 1169 346 1201 per
365 1160 444 1191 libri
465 1161 572 1198 nulla,
595 1171 685 1202 (11136
706 1162 790 1193 mihi
813 1162 954 1203 quidem
976 1166 1156 1205 appareat,
1179 1164 1376 1197 sententia:
1412 1165 1510 1205 signa
1530 1164 1623 1196 enim
1644 1164 1696 1196 sol

153 1211 296 1252 singulis
313 1212 488 1243 mensibus
505 1215 631 1250 mutat,
648 1223 707 1253 per
723 1216 870 1254 tempora
886 1216 1005 1246 autem
1024 1224 1132 1256 quam
1154 1215 1234 1247 hinc
1259 1215 1412 1247 alienum
1435 1215 1481 1247 sit
1505 1216 1696 1247 ostendunt

154 1270 167 1293 1
180 1263 246 1294 258
257 1263 358 1294 solem
370 1264 496 1305 (signa)
509 1264 647 1295 alternis
660 1264 792 1296 uicibus
801 1275 863 1305 per
875 1268 1022 1306 tempora
1031 1270 1176 1306 portant,
1190 1277 1271 1308 pan.
1287 1266 1387 1298 Mess
1405 1267 1467 1299 169
1477 1277 1538 1307 per
1548 1271 1696 1307 tempora

152 1313 292 1345 uertitur
316 1325 438 1352 annus,
463 1315 593 1347 Auson.
619 1317 683 1347 333
709 1316 738 1348 9.
787 1316 881 1357 quod
905 1317 960 1348 hic
985 1317 1053 1349 dici
1077 1317 1201 1349 debere
1223 1318 1397 1350 intellexit
1420 1320 1501 1359 post
1524 1318 1695 1350 Huetium

154 1365 343 1403 Bentleius,
375 1365 517 1398 ‘stellae
546 1367 710 1398 minimae
738 1368 990 1409 magnitudinis
1007 1393 1014 1400 .
1034 1393 1041 1400 .
1061 1392 1068 1400 .
1087 1369 1199 1401 hieme
1228 1380 1307 1401 cum
1336 1370 1387 1401 sol
1413 1370 1450 1401 in
1480 1369 1696 1401 brumalibus

152 1416 258 1458 signis
277 1420 446 1455 uersatur,
467 1421 544 1450 tum
563 1419 731 1460 effulgent
749 1419 911 1451 noctibus
930 1419 1122 1451 tenebrosis
1138 1420 1158 1458 ’,
1178 1421 1215 1452 id
1233 1431 1304 1452 non
1323 1421 1473 1459 dicitur3
1506 1421 1695 1462 Pingraeus

151 1469 244 1500 enim
268 1479 339 1501 non
364 1469 522 1501 codicum
546 1470 731 1502 lectionem
755 1471 815 1502 sed
840 1481 917 1502 earn
942 1481 1049 1512 quam
1073 1482 1136 1512 ego
1160 1472 1327 1503 substitui
1350 1473 1613 1514 interpretatur,
1642 1471 1695 1504 ‘le

150 1519 259 1557 soleil,
289 1520 391 1562 apres
420 1522 519 1552 avoir
546 1532 717 1563 parcouru
746 1523 828 1553 tous
855 1521 905 1553 les
934 1523 1057 1564 signes,
1087 1523 1284 1555 renouvelle
1312 1523 1482 1555 l’annee'.
1530 1523 1583 1556 sol
1610 1524 1694 1556 duo-

153 1571 264 1603 decim
287 1573 391 1612 signis
413 1583 434 1603 a
457 1573 580 1604 bruma
602 1573 647 1604 ad
669 1573 829 1606 brumam
851 1575 1009 1605 transitis
1030 1577 1209 1616 permutat
1230 1577 1400 1617 tempora,
1423 1575 1488 1607 hoc
1510 1577 1564 1606 est
1585 1585 1694 1607 unum

152 1632 284 1654 annum
302 1623 464 1661 absoluit,
484 1624 633 1656 alterum
650 1625 802 1657 incohat.
851 1625 949 1657 Varr.
969 1625 1039 1657 1.L.
1059 1634 1098 1656 VI
1116 1628 1135 1658 8
1153 1630 1283 1666 tempus
1300 1637 1321 1658 α
1339 1627 1456 1658 bruma
1477 1626 1521 1658 ad
1543 1627 1695 1658 brumam

150 1673 232 1705 dum
250 1674 299 1705 sol
317 1674 402 1706 redit
420 1679 558 1707 uocatur
577 1686 699 1713 annus,
721 1676 803 1707 Isid.
825 1686 889 1707 n.r.
912 1677 931 1707 6
952 1678 972 1708 4
992 1676 1179 1709 solstitialis
1199 1688 1311 1709 annus
1331 1681 1387 1715 est,
1407 1688 1484 1710 cum
1502 1678 1551 1709 sol
1570 1678 1695 1718 expleto

149 1735 210 1765 per
235 1725 351 1757 omnia
376 1726 474 1766 siqna
500 1726 643 1759 circuitu
670 1726 708 1758 in
735 1727 771 1759 id
796 1728 884 1759 unde
908 1727 1123 1769 principium
1148 1738 1265 1760 cursus
1292 1728 1349 1760 sui
1372 1728 1518 1769 sumpsit
1541 1728 1692 1765 recurrit,

153 1776 254 1808 Ouid.
275 1777 356 1809 fast.
379 1785 392 1808 1
415 1779 476 1809 163
496 1788 546 1819 sq.
568 1779 686 1810 bruma
705 1778 789 1810 noui
804 1779 920 1820 prima
939 1783 984 1811 est
1004 1780 1187 1821 ueterisque
1206 1780 1395 1812 nouissima
1413 1781 1494 1812 solis
1509 1790 1522 1817 ,·
1543 1779 1547 1823 Ι
1564 1780 1693 1821 princi-

150 1829 250 1869 pium
279 1830 419 1869 capiunt
449 1829 601 1861 Phoebus
632 1834 660 1861 et
690 1841 802 1863 annus
833 1830 931 1868 idem,
956 1831 1049 1862 Seru.
1075 1831 1160 1863 Aen.
1186 1840 1240 1863 vn
1263 1833 1326 1864 720
1347 1832 1485 1872 proprie
1510 1832 1559 1863 sol
1585 1842 1695 1863 nouus

151 1883 197 1911 est
222 1885 306 1912 VIII
322 1881 386 1912 kal.
408 1881 498 1918 Ian„
516 1881 597 1913 Luc.
616 1889 639 1912 v
660 1882 680 1913 6
700 1881 870 1913 ducentem
890 1886 1037 1922 tempora
1059 1883 1196 1914 Ianum.
1244 1884 1304 1924 qui
1325 1893 1438 1915 meam
1459 1883 1693 1915 coniecturam

151 1931 349 1972 quindecim
370 1935 450 1974 post
471 1933 570 1963 annis
590 1933 730 1974 repetiit
750 1933 1028 1974 Wageningenus
1048 1944 1119 1965 non
1139 1933 1323 1972 intellexit,
1345 1935 1566 1975 aequinoctio
1586 1944 1694 1966 uerno

152 1986 272 2014 noctes
291 1983 551 2015 obscurissimas
570 1994 643 2015 esse
663 1994 727 2026 pro
747 1994 811 2016 sua
827 1985 949 2016 mundi
965 1986 1112 2017 scientia
1127 1985 1328 2017 arbitratuS.
1377 1989 1529 2017 ceterum
1546 1986 1692 2017 eandem

152 2034 362 2066 sententiam
385 2034 511 2066 efficiet
533 2039 638 2066 mutat
670 2046 756 2067 cum
785 2039 933 2076 tempora
1024 2038 1088 2070 ’726
1111 2036 1268 2068 ordinem
1290 2046 1363 2068 esse
1385 2036 1532 2078 conferta
1553 2036 1690 2068 semini-

151 2085 223 2122 bus,
244 2089 284 2117 ut
304 2085 392 2117 Stat.
415 2086 521 2118 Theb.
543 2095 597 2118 V11
615 2088 679 2119 260
699 2096 750 2128 sq.
771 2087 1016 2128 confertissima
1034 2087 1120 2119 lucis
1141 2086 1146 2131 Ι
1166 2087 1266 2125 Nisa,
1287 2091 1430 2129 propter
1448 2098 1598 2119 errorem
1616 2088 1691 2119 the-

150 2137 244 2167 sauri
267 2136 347 2178 ling.
376 2137 452 2169 Lat.
480 2146 518 2168 1v
543 2149 575 2179 p.
606 2139 667 2169 172
693 2138 879 2170 dicendum
903 2141 957 2170 est
1049 2141 1112 2173 '727
1136 2138 1323 2171 seminibus
1348 2138 1414 2178 GL,
1440 2139 1619 2171 siminjbus
1643 2138 1690 2178 M,

149 2187 335 2219 luminibus
350 2188 468 2220 solidis
483 2189 545 2228 M2,
562 2190 659 2221 cuius
674 2189 770 2221 nulla
786 2190 977 2221 auctoritas
993 2193 1055 2221 est.
1104 2191 1236 2222 semina
1251 2190 1473 2232 appellantur
1489 2189 1693 2232 corpuscula

151 2240 290 2271 seminis
308 2240 378 2271 ritu
397 2250 517 2281 sparsa
607 2240 758 2272 minimis
777 2241 908 2278 addidi,
928 2241 1023 2282 quod
1041 2252 1102 2272 cur
1120 2241 1287 2273 exciderit
1305 2245 1414 2283 patet.
1463 2242 1559 2283 quod
1577 2241 1692 2273 uersui

151 2290 270 2322 deerat
298 2291 474 2332 suppleuit
501 2291 541 2323 L2
569 2302 612 2323 ex
639 2293 836 2333 insequenti
863 2293 930 2324 huc
959 2296 1085 2324 uocato
1113 2292 1207 2330 desit,
1236 2303 1348 2334 neque
1375 2293 1436 2324 alii
1461 2293 1692 2325 fundamento

150 2341 313 2373 innititur
332 2345 416 2384 apta
437 2353 519 2374 sane
539 2343 809 2384 Regiomontani
829 2344 1028 2375 coniectura
1047 2343 1169 2376 densis.
1217 2344 1303 2376 lucis
1324 2344 1499 2375 Breiterus
1519 2344 1555 2375 in
1574 2343 1689 2375 Fleck.

151 2393 266 2424 annal.
289 2393 357 2425 uol.
382 2395 444 2425 139
464 2405 497 2435 p.
522 2395 586 2425 864
677 2397 741 2429 ’728
761 2394 898 2436 spiritus
919 2395 992 2434 LM,
1015 2405 1081 2426 om.
1105 2395 1133 2427 G
1153 2396 1256 2427 metri
1276 2405 1380 2427 causa
1469 2394 1580 2427 desint
1600 2394 1692 2426 GLM

151 2444 250 2484 (item
270 2445 480 2485 Vrbinates),
501 2445 587 2478 desit
605 2445 645 2478 L²
753 2446 798 2478 sit
816 2446 852 2485 L,
873 2446 942 2478 sint
961 2446 999 2485 G,
1019 2446 1068 2478 sic
1087 2447 1123 2479 M
1212 2447 1297 2479 haee
1317 2457 1359 2478 ex
1379 2455 1393 2478 1
1413 2448 1472 2478 141
1495 2457 1545 2488 sq.
1560 2445 1692 2487 friqida

150 2505 209 2526 nec
236 2496 355 2527 calidis
386 2496 517 2528 desint
548 2501 606 2528 aut
632 2497 751 2529 umida
779 2498 877 2529 siccis
907 2496 911 2540 Ι
939 2498 1116 2538 spiritus
1154 2502 1222 2529 aut
1255 2498 1402 2530 solidis
1436 2497 1565 2539 sitque
1599 2497 1691 2529 haec

150 2545 356 2577 discordia
401 2557 561 2579 concors
604 2549 739 2579 uenisse
783 2549 874 2580 uidit
914 2548 1118 2590 expulitque
1159 2548 1310 2590 Scaliger
1422 2552 1486 2583 729
1526 2549 1691 2590 stipatum

151 2596 329 2629 Bentleius
356 2608 448 2629 anno
478 2599 575 2635 1708,
604 2598 754 2640 spatium
782 2599 820 2638 G,
849 2599 1004 2641 spacium
1030 2600 1094 2632 LM
1185 2603 1337 2634 731—733
1364 2600 1479 2642 Apoll.
1508 2600 1622 2632 Rhod.
1651 2608 1690 2630 rv

150 2649 260 2680 214—8
309 2651 391 2681 ὄσσα
439 2652 472 2681 δὲ
518 2652 636 2681 πόντου
657 2649 662 2693 Ι
683 2653 805 2688 κύματα
851 2654 1021 2692 χειμερίοιο
1066 2654 1254 2692 κορύσσεται
1300 2653 1332 2690 ἐξ
1378 2654 1513 2689 ἀνέμοιο,
1538 2649 1542 2694 Ι
1562 2653 1582 2689 ἣ
1630 2653 1689 2682 ὅσα

152 2702 262 2739 φύλλα
307 2703 433 2740 χαμάζε
479 2703 693 2742 περικλαδέοσ
735 2704 833 2733 πέσεν
877 2706 959 2740 ὕλησ
977 2702 981 2745 Ι
1001 2705 1174 2742 φυλλοχόῳ
1220 2705 1265 2734 ἐνὶ
1309 2705 1383 2742 μηνί
1426 2704 1492 2742 (τίσ
1533 2705 1571 2734 ἂν
1612 2703 1688 2733 τάδε

150 2753 339 2791 τεκμήραιτο
355 2755 378 2791 ς)
399 2750 403 2795 Ι
424 2755 470 2783 ὢσ
504 2755 531 2784 οἱ
567 2754 741 2794 ἀπειρέσιοι
778 2756 924 2792 ποταμοῦ
957 2756 1170 2795 παρεμέτρεον
1205 2755 1311 2794 ὄχθασ
1402 2756 1464 2788 ’731
1502 2756 1566 2788 732
1599 2751 1689 2795 qUOd

150 2825 157 2833 .
178 2825 185 2834 .
205 2826 212 2834 .
231 2803 321 2843 quod
347 2802 450 2841 GLM,
476 2813 565 2845 quae
590 2807 683 2836 recte
708 2805 958 2847 interpretatus
984 2808 1037 2837 est
1059 2805 1134 2837 cod.
1159 2805 1250 2837 Flor.
1343 2805 1386 2837 de
1409 2809 1484 2837 eant
1507 2808 1542 2837 et
1568 2804 1687 2836 cadant
