1855 3088
558 116 749 160 LIBRO
781 116 804 158 I
835 114 1141 159 ADDENDA
1536 115 1616 153 127

129 228 193 260 405
215 236 266 267 sq.
285 226 352 259 Cio.
370 227 412 258 de
428 227 498 258 diu.
517 235 531 258 1
549 227 611 259 130
627 226 658 258 si
674 226 840 258 obscurior
857 229 885 258 et
900 225 998 267 quasi
1013 224 1197 266 caliyinosa
1213 224 1307 256 stella
1323 222 1472 261 extiterit,
1488 221 1614 263 pinque

85 280 112 308 et
134 280 316 308 concretum
340 288 406 309 esse
427 277 564 314 caelum,
589 281 624 308 ut
648 277 719 309 eius
741 277 927 318 adspiratio
949 277 1063 317 yrauis
1087 280 1114 308 et
1134 276 1293 317 pestilens
1309 275 1431 316 futura
1452 273 1496 305 sit
1510 283 1523 309 ,·
1558 273 1614 304 sin

83 327 237 359 inlustris
262 331 289 359 et
310 328 484 367 perlucida
508 328 602 360 stella
625 328 831 369 apparuerit,
857 328 1043 369 siqnificari
1067 327 1195 358 eaelum
1220 337 1287 358 esse
1310 329 1405 358 tenue
1426 334 1615 366 purumque

85 381 112 410 et
143 382 316 419 propterea
350 379 490 417 salubre,
527 379 640 420 Heph.
677 379 784 411 Theb.
820 388 833 410 1
867 380 908 411 23
945 378 1119 420 (Engelbr.
1155 389 1188 419 p.
1224 378 1280 417 92)
1312 378 1510 408 ἀνατείλασα
1525 399 1532 407 .
1550 399 1557 406 .
1575 399 1582 406 .
1596 375 1616 413 ὴ

83 431 190 461 Σωθὶσ
232 432 424 470 χρυσοειδὴσ
466 433 514 461 εἰσ
556 433 686 461 ἅπαντα
727 432 850 469 ’γίνεται
889 433 1055 470 σύμφοροσ
1069 454 1076 461 .
1092 453 1099 460 .
1114 453 1121 460 .
1137 431 1299 460 σκοτεινοῦ
1337 430 1370 459 δὲ
1407 430 1462 459 τοῦ
1500 428 1616 466 ἄστρου

84 482 314 513 ἀνατείλαντοσ
351 484 414 512 πᾶν
449 484 629 513 τούναντίον
644 505 651 512 .
668 505 674 512 .
691 505 698 512 .
713 483 881 512 ἐτιιτείλασ
916 483 949 512 δὲ
984 482 1000 511 ὁ
1034 482 1136 521 ἀστὴρ
1169 481 1275 520 μέὙασ
1312 481 1362 511 καὶ
1397 479 1547 519 λαμπρὸσ
1562 501 1568 509 .
1586 500 1593 509 .
1608 500 1615 508 .

83 534 195 573 μικρὸσ
213 534 246 563 δὲ
264 534 315 563 καὶ
331 535 472 572 στυγνὸσ
489 535 664 564 ἀνατείλασ
678 557 684 563 .
701 557 707 564 .
725 557 731 563 .
746 535 852 570 μέλασ
870 534 903 563 δὲ
917 556 924 563 .
940 556 947 563 .
963 556 970 563 .
987 534 1106 572 πυρρὸσ
1124 533 1167 562 δέ.

129 585 192 617 407
215 593 341 621 cursus,
371 584 431 624 qui
459 584 594 625 proprie
623 584 759 621 dieitur,
790 583 972 616 Caniculae
1000 593 1081 615 eum
1109 583 1223 614 minus
1251 582 1340 615 celer
1367 582 1414 614 sit
1442 591 1549 622 quam
1578 580 1613 611 in

83 637 269 675 aequatore
297 635 489 676 positorum
516 635 667 666 siderum
696 634 830 667 Orionis
859 634 985 666 Arietis
1014 634 1171 671 aliorum,
1200 634 1280 665 uide
1308 644 1350 664 ne
1378 642 1496 663 cursus
1524 630 1614 672 iqnis

84 687 209 724 κίνησισ
234 688 362 724 φλογόσ
385 686 442 723 sit,
466 686 530 718 hoc
554 689 607 717 est
631 688 772 724 παλμόσ.
819 686 925 718 schol.
950 685 1015 726 Ap.
1040 685 1154 717 Rhod.
1180 693 1208 716 Π
1233 685 1296 715 517
1322 686 1468 723 Σείριοσ.
1484 707 1491 714 .
1507 707 1514 713 .
1530 683 1616 722 παρὰ

83 738 121 768 τὸ
145 738 286 768 σείεσθαι
310 739 362 768 καὶ
385 738 568 767 πάλλεσθαι
583 761 590 768 .
606 761 612 767 .
630 761 636 768 .
652 739 678 768 οἱ
701 738 807 775 μέντοι
831 738 1020 777 ἀστρολόγοι
1044 738 1121 766 τηὺσ
1145 737 1177 766 ἐν
1205 737 1324 774 κινήσει
1352 736 1450 766 ὄντασ
1477 735 1618 773 ἀστέρασ

84 789 221 829 σειρίουσ
245 790 408 825 καλοῦσιν,
433 788 538 820 Orion
564 787 670 819 Theb.
698 788 751 820 ed.
781 787 910 819 Sturtz.
938 798 972 829 p.
1003 788 1065 819 146
1092 788 1134 820 36
1158 789 1282 827 Σείριοσ
1305 788 1369 817 ἀπὸ
1393 789 1448 817 τοῦ
1475 786 1616 817 σείεσθαι

84 841 135 870 καὶ
158 840 352 880 ὁρμᾶσθαι,
377 839 473 871 Erat.
496 842 620 871 catast.
639 840 680 871 33
703 841 781 870 τοὺσ
805 841 838 870 δέ
863 842 1027 870 τοιούτουσ
1050 840 1192 878 ἀστέρασ
1215 840 1242 869 οἱ
1266 839 1456 877 ἀστρολόγοι
1480 838 1617 877 σειρίουσ

84 892 215 922 καλοῦσι
247 892 298 921 διὰ
327 892 386 928 τὴν
417 892 479 929 τῆσ
507 892 635 930 φλοὙὸσ
666 892 798 928 κίνησιν.
846 900 916 921 non
943 889 1157 921 dissimiliter
1188 889 1322 920 Persius
1350 897 1393 919 m
1419 889 1459 920 91
1491 897 1618 919 currere

83 951 187 973 uenas
208 941 250 973 de
276 941 392 981 παλμῷ
419 944 570 981 φλεβῶνς
604 941 688 973 Hor.
712 951 816 973 carm.
841 949 885 972 111
906 942 927 972 4
949 942 990 972 76
1014 941 1095 972 celer
1119 940 1208 980 iynis
1231 940 1427 981 appellatur
1455 939 1515 980 qui
1541 939 1615 971 loco

84 1003 154 1024 non
170 996 340 1024 mouetur.

129 1046 193 1077 408
219 1043 226 1056 ⁴
241 1044 309 1075 Zur
342 1043 536 1085 Erklarung
572 1044 681 1076 dieses
716 1044 837 1075 micare
872 1043 914 1074 in
946 1043 1092 1080 radios,
1127 1043 1190 1075 das
1225 1043 1406 1074 Housman
1440 1043 1477 1074 in
1507 1042 1618 1074 seiner

84 1095 243 1137 Ausgabe
262 1095 321 1127 des
340 1104 354 1126 1
373 1095 506 1127 Buches
527 1096 640 1135 (1903)
660 1095 822 1126 verkehrt
841 1095 876 1126 in
896 1094 985 1134 iynis
1003 1094 1046 1126 ad
1064 1105 1099 1125 os
1117 1094 1284 1135 geandert
1302 1094 1376 1131 hat,
1397 1093 1486 1125 habe
1506 1093 1561 1125 ioh
1579 1093 1615 1124 in

84 1147 213 1178 meiner
231 1146 423 1178 Rezension
441 1147 551 1178 dieser
569 1146 740 1188 Ausgabe,
761 1146 860 1178 DLZ.
885 1147 979 1183 1906,
1000 1145 1058 1187 Sp.
1079 1147 1141 1177 481
1163 1146 1224 1177 auf
1241 1145 1297 1177 die
1318 1145 1434 1177 Bilder
1452 1145 1513 1177 der
1532 1144 1615 1176 Ger-

85 1198 504 1230 manicushandsohriften
525 1198 633 1237 [Leid.
657 1198 753 1229 Voss.
776 1197 852 1228 Lat.
877 1198 916 1236 Q.
939 1198 991 1234 79,
1015 1197 1111 1229 Grot.
1133 1200 1225 1238 synt.
1248 1197 1345 1228 Arat.
1368 1196 1482 1228 Germ.
1504 1206 1538 1237 p.
1561 1196 1615 1232 61,

84 1248 190 1280 Thiel.
219 1252 291 1280 ant.
319 1249 523 1280 Himmelsb.
551 1259 585 1290 p.
615 1249 691 1288 121]
718 1249 955 1290 hingewiesen,
983 1259 1033 1279 wo
1060 1258 1120 1279 um
1145 1248 1207 1279 das
1234 1248 1358 1289 Haupt
1383 1248 1442 1279 des
1470 1247 1615 1279 Hundes

86 1299 245 1332 Strahlen
263 1300 436 1341 ausgehen
451 1300 470 1331 ².
518 1300 602 1332 haec
623 1300 752 1331 Bollius
771 1303 843 1331 ant.
866 1299 971 1331 Beob.
991 1299 1140 1340 farbiger
1159 1298 1279 1330 Sterne
1298 1309 1331 1340 p.
1354 1299 1394 1330 16
1413 1309 1446 1330 n.
1468 1299 1498 1335 3,
1518 1298 1615 1330 ouius

85 1351 252 1382 similibus
266 1352 372 1382 etiam
386 1351 454 1382 alia
467 1351 537 1382 tela
550 1351 753 1382 ministrabo
768 1350 893 1391 quibus
907 1351 943 1382 in
956 1350 1116 1381 umbram
1130 1360 1243 1381 meam
1257 1350 1419 1382 coniectis
1434 1349 1617 1381 uictoriam

85 1402 128 1434 de
147 1402 282 1434 absenti
301 1405 478 1443 reportent
494 1414 501 1433 :
534 1411 557 1433 V
576 1403 639 1434 209
661 1402 851 1442 (Canicula)
870 1411 936 1442 qua
951 1426 958 1432 .
977 1426 983 1432 .
1001 1426 1007 1432 .
1023 1401 1136 1433 radios
1152 1425 1158 1432 .
1176 1425 1183 1432 .
1201 1425 1207 1432 .
1224 1404 1382 1438 mouente,
1404 1400 1485 1433 Luo.
1507 1409 1532 1431 X
1551 1401 1616 1431 226

86 1453 192 1485 Canis
207 1453 329 1490 radios,
348 1454 414 1486 Cic.
433 1453 503 1485 n.d.
522 1462 551 1484 11
569 1455 630 1485 110
650 1453 743 1484 stella
763 1453 915 1484 micans
934 1452 1063 1484 radiis
1084 1453 1257 1484 Arcturus.
1296 1462 1357 1493 ego
1374 1452 1507 1483 radiare
1522 1452 1616 1483 sidus

85 1515 155 1536 non
173 1515 216 1536 ex
235 1504 337 1546 pictis
356 1504 562 1546 imaginibus
582 1505 642 1536 sed
661 1515 704 1536 ex
723 1505 897 1546 praesenti
915 1507 1058 1545 aspectu
1077 1503 1275 1540 didiceram,
1297 1513 1408 1544 neque
1428 1503 1527 1544 quasi
1546 1513 1616 1534 non

85 1555 235 1587 radiaret
254 1556 486 1587 mutationem
505 1556 570 1587 feci
590 1556 649 1587 sed
669 1555 714 1587 ob
734 1556 963 1588 certissimum
984 1555 1077 1595 quod
1097 1555 1202 1586 attuli
1222 1555 1338 1586 mendi
1358 1558 1614 1595 argumentum.

86 1607 121 1638 id
138 1617 218 1638 uero
237 1606 347 1638 Bollio
365 1607 530 1638 Deutsch.
550 1607 618 1638 Lit.
636 1618 692 1638 an.
713 1607 797 1638 1906
814 1617 847 1648 p.
867 1607 928 1638 481
948 1606 1082 1638 nullum
1098 1609 1150 1638 est
1166 1618 1174 1643 ;
1206 1606 1377 1638 Biokelius
1396 1616 1483 1637 mus.
1502 1605 1615 1637 Rhen.

86 1668 142 1689 an.
166 1658 250 1689 1926
270 1668 303 1699 p.
326 1659 387 1690 331
410 1669 443 1689 n.
468 1659 482 1689 1
505 1658 617 1695 docet,
639 1658 732 1699 quod
752 1658 862 1689 multo
883 1660 965 1689 ante
986 1657 1135 1689 Huetius
1155 1657 1200 1688 ad
1221 1666 1243 1687 v
1264 1658 1339 1694 207,
1361 1656 1561 1689 Caniculam
1581 1660 1617 1687 et

87 1709 174 1750 signi
199 1712 234 1740 et
265 1708 384 1740 stellae
414 1719 541 1740 nomen
571 1719 666 1741 esse:
707 1709 766 1749 qui
796 1719 837 1740 ea
862 1719 897 1740 re
923 1708 978 1740 uel
1004 1709 1186 1740 minimum
1211 1708 1247 1739 in
1272 1718 1421 1739 errorem
1450 1718 1618 1748 umquam

86 1760 219 1791 illectus
237 1760 283 1791 sit
301 1770 370 1791 non
388 1760 558 1801 producit.
606 1760 746 1791 Manilio
766 1760 867 1791 nimis
886 1760 1106 1801 impudenter
1123 1763 1224 1790 tanta
1243 1762 1377 1800 quanta
1395 1759 1449 1791 hio
1468 1759 1617 1790 habetur

86 1811 240 1843 confusio
272 1810 469 1852 adfingitur,
502 1811 562 1852 qui
592 1812 700 1842 316-8
730 1811 912 1852 diligenter
941 1811 1129 1843 Arcturum
1159 1810 1296 1842 stellam
1326 1822 1347 1842 a
1378 1811 1488 1842 Boote
1519 1811 1616 1851 signo

86 1862 258 1899 distinxit,
282 1862 347 1893 etsi
369 1865 555 1902 utrumque
577 1863 757 1903 utriusque
779 1872 905 1893 nomen
926 1865 989 1899 est,
1012 1865 1118 1902 atque
1140 1862 1247 1893 etiam
1269 1862 1399 1893 319-22
1421 1865 1456 1893 et
1479 1863 1542 1893 348
1564 1871 1615 1902 sq.

86 1913 237 1954 singulas
250 1912 366 1944 stellas
379 1924 448 1944 non
461 1912 687 1945 lucidissimas
701 1924 721 1944 a
733 1913 837 1954 signis
850 1913 919 1944 suis
932 1913 1119 1954 separatim
1132 1913 1428 1944 commemorauit.
1465 1916 1617 1944 ceterum

89 1964 177 1995 adde
202 1963 336 1996 Gemin.
362 1965 381 1995 3
408 1965 448 1995 14
472 1965 487 1995 ὁ
512 1968 544 1995 ἐν
567 1963 612 2004 τῷ
638 1966 773 2002 στόματι
798 1966 853 1995 τοῦ
877 1966 986 1995 Κυνὸσ
1009 1966 1160 2004 λαμπρὸσ
1183 1966 1297 2004 ἀστήρ,
1321 1964 1410 1995 Ptol.
1434 1967 1526 2005 synt.
1552 1972 1619 1995 VIII

90 2016 108 2047 3
134 2015 200 2056 (ed.
226 2015 327 2046 Heib.
353 2015 420 2046 uol.
445 2024 473 2046 Π
495 2026 528 2056 p.
556 2016 615 2047 181
641 2017 681 2047 21
706 2016 772 2056 sq.)
797 2017 852 2047 τὸν
876 2017 909 2046 ἐν
934 2015 978 2055 τῷ
1002 2018 1134 2051 στόματι
1162 2017 1218 2047 τοῦ
1243 2017 1362 2053 Κυνόσ,
1386 2014 1479 2047 Seru.
1505 2025 1617 2057 georg.

88 2075 126 2097 IV
146 2067 211 2097 424
230 2069 266 2097 et
286 2065 371 2097 Aen.
390 2075 433 2097 ΠΙ
455 2067 513 2097 141
533 2066 647 2098 Sirius
662 2066 757 2098 stella
773 2066 811 2097 in
826 2077 879 2098 ore
896 2066 1002 2098 Canis
1016 2066 1138 2107 posita.

132 2119 196 2150 409
218 2117 340 2149 Auien.
360 2117 457 2149 Arat.
481 2118 564 2149 1376
583 2128 658 2149 cum
675 2118 822 2149 caeruleo
834 2118 991 2159 flaqraret
1009 2118 1123 2149 Sirius
1141 2121 1238 2149 astro.

132 2171 196 2201 414
218 2179 309 2201 nuno
328 2168 417 2200 malo
436 2172 522 2206 ante,
541 2179 651 2209 neque
669 2169 761 2200 enim
778 2170 909 2210 optime
927 2169 994 2201 tria
1012 2172 1137 2201 coeunt
1155 2169 1350 2211 participia,
1368 2169 1528 2200 subducta
1544 2172 1618 2200 acta

82 2219 186 2261 facta.
234 2220 276 2251 de
293 2220 462 2251 emeritum
478 2220 556 2251 uide
572 2221 679 2251 etiam
694 2220 739 2251 ad
755 2229 777 2250 v
793 2221 857 2251 245
873 2221 1054 2252 adnotata.

131 2273 196 2304 416
218 2270 306 2302 adde
323 2279 361 2302 IV
377 2272 440 2303 205
455 2271 613 2311 pondera,
632 2274 788 2311 tempora,
806 2273 870 2302 518
886 2271 1006 2308 sidera,
1024 2275 1180 2312 tempora.

132 2324 196 2355 419
219 2332 322 2353 carm.
347 2323 452 2363 epigr.
479 2323 606 2354 Buech.
626 2323 688 2354 347
714 2323 863 2363 (Triton)
889 2326 934 2354 est
964 2322 1072 2354 homo
1103 2333 1180 2354 non
1210 2325 1328 2360 totus,
1375 2322 1503 2354 medius
1547 2323 1615 2360 sed,

85 2373 192 2414 piscis
208 2372 247 2404 ab
265 2373 341 2404 imo.

132 2426 195 2457 420
219 2423 295 2455 him:
314 2424 412 2465 Verg.
433 2424 517 2456 Aen.
539 2433 591 2455 vn
611 2425 684 2456 723.
732 2424 847 2456 Amm.
869 2424 973 2457 Marc.
994 2433 1074 2455 xvn
1092 2426 1113 2456 4
1134 2426 1173 2457 13
1194 2424 1225 2456 si
1244 2425 1391 2457 ablatum
1409 2435 1476 2456 uno
1496 2426 1616 2466 templo

87 2475 285 2506 miraculum
306 2475 429 2506 Romae
447 2479 597 2513 sacraret,
618 2475 654 2506 id
672 2479 716 2507 est
736 2475 773 2506 in
791 2476 909 2515 templo
928 2476 1046 2507 mundi
1064 2476 1173 2507 totius.
1221 2479 1385 2513 ceterum,
1405 2487 1485 2509 cum
1503 2487 1616 2518 gram-

87 2527 206 2558 matici
229 2526 341 2558 adhuc
364 2530 504 2557 narrent
527 2527 684 2558 Curtium
706 2527 856 2567 primum
879 2527 993 2567 ipsum
1014 2537 1076 2568 pro
1098 2537 1133 2558 se
1154 2528 1318 2569 posuisse,
1343 2528 1461 2560 adfero
1484 2538 1527 2559 ex
1549 2528 1614 2560 hoo

88 2587 155 2608 uno
172 2577 258 2608 libro
278 2578 328 2614 11,
349 2578 421 2615 158,
439 2579 514 2614 212,
532 2579 607 2615 288,
626 2578 700 2614 290,
719 2579 794 2609 772.

133 2630 197 2661 423
220 2628 293 2659 dixi
312 2628 346 2659 in
366 2628 525 2660 Classical
545 2629 685 2660 Review
704 2639 759 2659 an.
779 2629 862 2660 1903
878 2639 911 2670 p.
929 2630 992 2661 343
1008 2639 1051 2660 ex
1066 2629 1277 2662 Matritensis
1293 2629 1470 2662 esurcione
1485 2630 1618 2662 elicien-

88 2679 172 2711 dum
200 2689 283 2716 esse,
315 2679 407 2720 quod
437 2679 502 2710 illis
532 2679 567 2710 di
597 2680 998 2720 quoque...quaesiuere
1027 2680 1102 2712 deos
1131 2681 1349 2722 respondeat,
1383 2681 1488 2721 equit
1521 2681 1618 2713 Ioue

91 2730 246 2770 Iuppiter
267 2730 348 2769 ipse.
396 2730 474 2762 uide
495 2739 519 2761 v
538 2732 603 2762 214
625 2734 688 2770 eqet
708 2730 844 2762 alterius
865 2731 1011 2763 mundus
1032 2733 1059 2772 (1
1082 2733 1143 2764 123
1164 2732 1294 2763 natali.
1313 2756 1319 2763 .
1338 2756 1344 2763 .
1362 2734 1472 2772 eqere),
1494 2732 1616 2764 Aesoh.

90 2781 204 2812 Prom.
225 2782 266 2812 86
289 2783 383 2812 αὐτὸν
408 2783 471 2821 ’γάρ
495 2794 530 2812 σε
556 2783 603 2812 δεῖ
625 2783 827 2822 προμηθέωσ,
852 2782 952 2814 Ouid.
975 2782 1045 2814 her.
1068 2792 1106 2814 VI
1126 2784 1185 2815 151
1210 2783 1348 2815 Medeae
1366 2783 1487 2814 Medea
1501 2783 1619 2824 forem,

90 2832 182 2864 Pers.
210 2840 239 2863 11
266 2833 308 2865 23
337 2842 405 2863 sese
432 2842 499 2864 non
526 2832 641 2864 clamet
670 2832 826 2874 Iuppiter
854 2833 926 2875 ipse
939 2833 967 2872 ἓ,
999 2833 1090 2866 Stat.
1122 2834 1229 2867 Theb.
1262 2843 1314 2866 V11
1345 2835 1407 2868 327
1440 2843 1497 2866 nec
1527 2844 1622 2877 quem
