1855 3088
206 91 260 132 24
797 97 858 140 M.
891 97 1141 142 MANILII

242 211 308 243 180
363 210 407 247 et
427 206 665 260 Calydonea
685 208 913 251 bellantem
932 224 1035 265 rupe
1055 211 1240 265 puellam

363 280 686 337 uincentemque
705 283 818 325 uiros
838 289 881 325 et
901 299 1030 339 quam
1049 286 1236 340 potuisse
1255 287 1397 328 uidere

362 354 522 409 uirgine
541 357 677 398 maius
697 363 788 399 erat
807 363 1066 400 sternentem
1082 360 1255 402 uulnere
1275 361 1424 415 primo.

364 443 531 485 quaque
552 436 643 472 erat
660 431 851 474 Actaeon
870 433 985 474 siluis
1005 434 1233 484 mirandus,
1256 440 1300 476 et
1319 440 1418 476 ante

363 517 492 558 quam
512 505 686 547 canibus
705 521 818 548 noua
837 508 994 562 praeda
1013 508 1108 558 fuit,
1130 509 1344 550 ducuntur
1364 514 1406 550 et
1425 508 1519 563 ipsi,

241 583 306 615 185
361 578 521 620 retibus
541 584 585 620 et
604 580 809 622 claudunt
828 595 1012 636 campos,
1034 582 1257 624 formidine
1275 583 1446 625 montis.

361 653 659 709 mendacisque
678 661 833 710 parant
852 655 997 698 foueas
1016 656 1272 713 laqueosque
1291 663 1460 699 tenaces

199 803 299 840 μόνοσ-
315 805 428 844 ἕτυχεν
446 804 662 845 Ἀταλάντησ.
713 806 898 839 Herculem
918 808 1101 849 significari
1124 813 1221 841 ratus
1243 809 1420 841 Bentleius
1442 819 1521 841 cum
1542 808 1620 840 edd.
1644 810 1732 839 uett.

199 853 369 886 Atlanteos
382 857 521 898 recepit,
535 858 595 898 qui
605 858 739 890 labores
752 859 868 900 inepte
880 860 944 891 hoc
957 860 1031 891 loco
1043 861 1159 902 potius
1172 871 1279 902 quam
1291 861 1433 902 Cerynei
1446 859 1734 901 Erymanthiique

199 911 551 939 commemorarentur
643 911 705 942 180
730 909 912 947 bellantem,
940 910 1028 942 bello
1053 922 1089 942 se
1112 911 1321 943 inserentem
1348 911 1443 953 quod
1467 911 1553 943 dicit
1577 910 1735 942 Grattius

198 966 276 996 eyn.
295 958 335 988 13
349 958 471 995 ferino,
486 970 598 1000 neque
613 961 705 992 enim
720 960 823 1002 plane
838 961 949 993 simile
963 966 1016 994 est
1031 962 1120 994 Stat.
1137 963 1244 995 Theb.
1261 972 1301 994 IX
1318 964 1358 994 15
1373 973 1423 1004 sq.
1440 972 1549 994 nonne
1564 960 1735 1002 Hyrcanis

196 1007 315 1039 bellare
334 1009 464 1048 putatis
486 1007 490 1052 Ι
509 1010 648 1051 tiyribus
662 1012 677 1042 ?
723 1012 784 1043 uix
811 1013 936 1054 dignus
961 1018 1155 1046 memoratu
1179 1018 1233 1046 est
1256 1015 1410 1046 thesauri
1432 1014 1513 1054 ling.
1539 1013 1617 1044 Lat.
1642 1021 1736 1043 error

198 1067 227 1089 11
249 1069 283 1099 p.
311 1061 396 1091 1819
422 1062 458 1092 11
485 1072 535 1102 sq.
629 1062 821 1103 Calydonea
843 1074 937 1104 rupe,
962 1064 1076 1096 Strab.
1102 1076 1135 1107 p.
1160 1066 1225 1097 460
1250 1068 1324 1097 ὅταν
1350 1068 1383 1097 δὲ
1407 1065 1452 1106 φῇ
1477 1065 1650 1106 (οΟμηροσ)
1675 1065 1733 1102 τὴν

200 1111 379 1142 Καλυδῶνα
396 1115 523 1144 αἰπεῖάν
539 1126 574 1144 τε
592 1117 645 1145 καὶ
662 1117 863 1156 πετρήεσσαν
880 1115 937 1155 (Il.
954 1124 983 1148 11
999 1117 1089 1156 640),
1104 1119 1169 1148 ἀπὸ
1185 1119 1246 1156 τῆσ
1259 1119 1370 1158 χώρασ
1384 1119 1523 1148 δεκτέον·
1537 1118 1656 1157 εἴρηται
1672 1117 1736 1156 ’γὰρ

200 1163 247 1192 ὅτι
265 1164 322 1200 τὴν
339 1165 447 1203 χώραν
466 1166 541 1204 δίχα
560 1167 724 1197 διελόντεσ
741 1168 798 1204 τὴν
815 1169 871 1204 μὲν
890 1169 1010 1207 ὀρεινὴν
1029 1170 1080 1199 καὶ
1093 1170 1262 1205 ἐπίκτητον
1275 1168 1314 1209 τῇ
1329 1170 1497 1199 Καλυδῶνι
1510 1169 1733 1208 προσένειμαν,

199 1214 256 1250 τὴν
274 1215 409 1245 πεδιάδα
427 1217 460 1246 δὲ
477 1215 516 1255 τῄ
534 1218 697 1256 Πλευρῶνι
788 1218 938 1258 puellam
954 1218 1028 1257 LM,
1045 1219 1211 1260 capellam
1228 1218 1255 1251 G
1271 1223 1414 1261 propter
1430 1218 1531 1250 Ouid.
1546 1229 1588 1250 ex
1605 1218 1707 1249 Pont.
1721 1225 1736 1247 I

199 1264 218 1295 8
235 1264 273 1294 51
292 1274 376 1304 rupe
391 1267 535 1305 capellas
550 1268 742 1299 similemue
758 1268 949 1300 clausulam
1041 1273 1103 1303 181
1120 1271 1306 1302 uincentem
1321 1281 1361 1302 eo
1378 1271 1472 1311 quod
1484 1270 1596 1311 prima
1611 1278 1735 1310 aprum

198 1314 397 1347 uulnerauit
408 1320 444 1348 et
457 1318 611 1350 donante
624 1318 796 1361 Meleagro
809 1323 849 1351 τὰ
866 1323 1009 1362 ἀριστεῖα
1027 1324 1155 1362 ἔλαβεν,
1174 1332 1286 1363 neque
1302 1322 1395 1353 enim
1411 1321 1625 1363 significatur
1640 1319 1734 1361 quod

197 1365 427 1407 Apollodorus
450 1368 533 1400 bibl.
555 1378 598 1400 111
615 1371 634 1401 9
651 1372 670 1401 2
689 1372 847 1402 narrauit
862 1374 1021 1404 ἐπάλαισε
1037 1375 1142 1411 Πηλεῖ
1156 1377 1207 1405 καὶ
1223 1376 1366 1412 ἐνίκησεν
1456 1383 1556 1413 quam
1580 1372 1587 1384 ‘
1600 1373 1710 1403 feram
1726 1371 1733 1384 ’

197 1416 392 1450 Gronouius
410 1419 483 1451 obs.
502 1428 532 1451 ΙΙ
548 1432 576 1452 c.
598 1423 648 1452 11.
696 1421 855 1454 similiter
872 1424 935 1455 600
953 1433 1004 1465 sq.
1022 1425 1097 1455 ceti
1112 1424 1284 1456 subeuntis
1302 1424 1449 1456 uerberat
1465 1434 1533 1455 ora.
1552 1422 1556 1466 Ι
1576 1433 1634 1454 nec
1652 1422 1736 1454 cedit

194 1472 308 1500 tamen
331 1469 405 1502 illa
428 1471 514 1508 uiro,
537 1473 601 1503 586
621 1477 769 1505 ruentem
790 1475 992 1514 (antecessit
1012 1475 1177 1515 monstri),
1200 1477 1264 1507 595
1286 1476 1346 1507 illa
1367 1477 1493 1517 (neque
1514 1475 1606 1507 enim
1625 1484 1735 1514 poena

195 1520 407 1553 audiendum
429 1524 508 1561 est),
531 1524 598 1555 Cic.
621 1525 705 1555 fam.
728 1533 797 1556 V111
819 1527 839 1557 8
863 1527 901 1557 10
924 1536 991 1563 eas,
1013 1537 1096 1567 quae
1117 1527 1161 1558 ad
1182 1527 1277 1558 ludos
1298 1526 1330 1558 ei
1350 1527 1505 1558 aduectae
1525 1529 1619 1558 erant
1639 1524 1734 1566 Afri-

195 1581 308 1608 canae,
328 1573 429 1604 Mart.
449 1582 493 1604 111
511 1576 553 1606 58
573 1576 612 1606 14
630 1586 713 1616 quae
731 1576 817 1613 auiS,
836 1577 913 1608 Sen.
933 1577 995 1618 Ag.
1016 1579 1081 1609 499
1099 1579 1194 1610 illam
1211 1589 1349 1615 nauem,
1370 1578 1470 1610 Ouid.
1490 1579 1561 1610 her.
1581 1586 1595 1608 Ι
1614 1579 1629 1609 1
1650 1577 1735 1608 hanc

195 1622 393 1664 epistulam,
419 1624 501 1657 Luc.
528 1633 582 1656 VII
605 1627 670 1658 419
694 1637 777 1668 quae
804 1627 898 1665 urbS,
924 1628 984 1659 ubi
1008 1629 1088 1660 uide
1113 1629 1294 1661 adnotata.
1342 1630 1415 1661 sine
1440 1639 1544 1661 causa
1568 1631 1604 1660 et
1628 1638 1735 1670 praue

197 1673 363 1706 Barthius
385 1686 480 1716 quem
504 1677 668 1718 (aprum),
693 1678 811 1719 qualia
837 1680 979 1711 nomina
1002 1690 1074 1711 non
1097 1681 1144 1712 sic
1169 1681 1359 1712 audiuntur
1448 1680 1562 1712 uidere
1585 1680 1621 1711 M
1644 1679 1736 1710 sicut

196 1726 390 1757 coniecerat
414 1727 579 1759 Barthius
602 1729 682 1760 adu.
707 1740 740 1770 p.
769 1730 865 1767 1409,
890 1730 998 1762 uideri
1021 1731 1086 1763 GL.
1135 1732 1262 1764 608—11
1288 1731 1450 1772 confossis
1472 1731 1618 1763 subsedit
1639 1730 1735 1762 belua

196 1777 350 1808 membris
367 1802 373 1809 .
393 1802 400 1809 .
421 1803 427 1810 .
447 1783 517 1810 tum
540 1790 664 1821 quoque
688 1781 846 1812 terribilzs
870 1791 928 1812 nec
951 1782 1098 1822 uiryinis
1121 1793 1175 1814 ore
1198 1783 1346 1814 uidenda
1438 1784 1502 1816 182
1524 1782 1636 1814 maius
1659 1781 1734 1820 LM,

195 1830 298 1859 natus
313 1827 351 1865 G,
368 1829 410 1860 de
425 1840 495 1870 quo
510 1831 627 1862 mendi
640 1842 762 1872 genere
778 1832 857 1864 uide
872 1843 959 1874 quos
974 1834 1019 1864 ad
1034 1843 1072 1864 1v
1087 1835 1150 1865 422
1165 1834 1319 1871 laudaui,
1334 1836 1514 1876 praeterea
1529 1833 1734 1865 Gaselaeum

197 1879 240 1910 de
259 1880 334 1911 cod.
356 1880 455 1921 Trag.
478 1881 616 1921 Retron.
636 1893 695 1924 pp.
719 1884 759 1914 12
779 1893 830 1924 sq.
922 1888 1116 1916 sternentem
1135 1888 1234 1917 actae
1254 1886 1303 1917 rei
1322 1886 1465 1918 modum
1484 1885 1631 1922 excedit,
1652 1894 1735 1916 nam

196 1932 444 1964 tantummodo
468 1935 576 1973 πρώτη
599 1936 647 1965 εἰσ
669 1936 709 1965 τὰ.
731 1937 816 1966 νῶτα
840 1937 1012 1975 ἐτόξευσεν,
1031 1936 1190 1978 Apollod.
1209 1946 1222 1968 I
1241 1938 1261 1968 8
1283 1938 1302 1968 2
1395 1939 1458 1970 183
1481 1946 1548 1978 qua
1571 1936 1736 1967 Barthius

197 1982 276 2013 adu.
298 1993 331 2023 p.
352 1984 417 2015 206
438 1984 661 2016 distinctione
681 1986 718 2017 in
739 1986 806 2018 fine
828 1997 947 2018 uersus
974 1989 1037 2019 184
1060 1989 1187 2028 posita,
1213 1998 1316 2029 quam
1338 1988 1419 2019 libri
1507 1990 1629 2020 acteon
1654 1986 1734 2026 GL2,

195 2035 356 2066 tactaeon
382 2035 429 2073 M,
457 2037 707 2068 acteontactem
734 2038 760 2069 L
850 2038 1026 2071 mirandus
1054 2039 1214 2081 Scaliger,
1243 2040 1428 2072 imitandus
1457 2039 1522 2078 GL,
1550 2038 1736 2071 mutandus

198 2084 244 2116 M.
292 2084 478 2117 imitandus
501 2089 538 2118 et
560 2088 675 2129 ipsum
697 2089 857 2130 ineptum
880 2093 934 2121 est
957 2093 992 2121 et
1015 2091 1172 2132 ineptam
1194 2091 1310 2122 reddit
1333 2096 1361 2122 et
1384 2091 1603 2133 particulam,
1628 2100 1735 2131 quam

199 2135 394 2168 Gronouius
423 2137 495 2169 obS.
526 2147 555 2169 11
584 2149 612 2170 c.
645 2141 681 2171 ll
714 2143 750 2171 et
779 2140 958 2172 Bentleius
985 2141 1108 2174 scilicet
1136 2142 1424 2184 interpretantur,
1453 2143 1568 2183 plures
1595 2142 1736 2183 fugiunt

196 2188 440 2229 interpretari;
478 2189 625 2221 Iacobus
649 2194 682 2222 at
705 2191 953 2229 substituebat,
979 2192 1122 2224 uolebat
1144 2193 1210 2225 sed.
1258 2204 1328 2234 qua
1351 2194 1409 2225 uia
1431 2193 1588 2225 Actaeon
1611 2193 1735 2234 dignus

198 2239 365 2270 extiterat
389 2250 493 2280 quem
518 2241 726 2273 mirarentur
751 2242 871 2279 siluae,
899 2244 1006 2275 etiam
1031 2248 1221 2285 antequam
1248 2248 1386 2278 mutata
1409 2245 1522 2276 forma
1546 2244 1602 2276 uel
1626 2244 1735 2285 magis

199 2289 378 2321 mirandus
396 2291 511 2323 factus
531 2296 594 2329 est,
615 2303 656 2324 ea
676 2294 741 2335 ipsi
760 2304 898 2335 quoque
918 2295 1103 2327 ducuntur.
1151 2296 1273 2327 Aesch.
1293 2297 1379 2337 frag.
1401 2298 1462 2327 241
1485 2295 1618 2327 Nauck.
1640 2295 1693 2326 ed.
1714 2295 1735 2326 2

199 2341 334 2381 (anecd.
350 2342 457 2373 Bekk.
473 2353 505 2383 p.
521 2344 599 2383 351)
614 2347 701 2376 οὔπω
713 2358 766 2376 τισ
779 2345 929 2377 Ἀκτέων’
943 2349 1065 2387 ἄθηροσ
1078 2349 1176 2387 ἡμέρα
1194 2345 1198 2390 Ι
1215 2349 1305 2379 κενὸν
1320 2350 1414 2379 πόνον
1429 2347 1576 2379 πονοῦντ’
1592 2349 1734 2387 ἔπεμψεν

201 2395 237 2423 έσ
262 2394 389 2431 δόμουσ,
417 2393 498 2425 Eur.
520 2394 645 2426 Bacch.
672 2396 802 2428 338—40
826 2399 859 2428 ὃν
883 2399 1031 2436 ὠμόσιτοι
1053 2401 1215 2430 σκύλακεσ
1236 2401 1279 2430 ἃσ
1300 2401 1457 2440 ἐθρέψατο
1478 2396 1481 2441 Ι
1503 2400 1732 2437 διεσπάσαντο,

200 2444 356 2483 κρείσσον’
374 2446 405 2475 ἐν
424 2447 593 2485 κυναγίαισ
614 2444 618 2488 Ι
639 2447 827 2487 Ἀρτέμιδοσ
843 2451 922 2480 εἶναι
940 2450 1153 2489 κομπάσαντ’,
1170 2452 1201 2481 ἐν
1216 2451 1357 2490 ὀργάσιν.
1408 2450 1556 2481 editores
1568 2449 1735 2481 ducuntur

199 2498 227 2525 et
252 2493 323 2534 ipsi
343 2492 347 2537 Ι
366 2494 499 2533 retibus,
526 2497 620 2537 quod
644 2508 715 2529 non
740 2500 965 2531 uenatoribus
991 2501 1051 2532 sed
1076 2501 1249 2542 pisciculis
1273 2512 1338 2533 usu
1364 2502 1471 2538 uenit,
1498 2499 1735 2532 continuando

198 2549 234 2577 et
251 2545 492 2586 insequentem
511 2557 649 2579 uersum
668 2554 897 2591 corrumpunt
915 2554 951 2582 et
969 2551 1105 2583 faciunt
1123 2555 1164 2583 ut
1182 2552 1285 2583 scribi
1303 2562 1439 2584 necesse
1458 2553 1504 2584 sit
1522 2552 1617 2592 quod
1635 2551 1735 2582 Post-

200 2598 314 2637 gatius
345 2597 420 2629 silu.
439 2597 530 2630 Man.
558 2610 591 2640 p,
620 2601 663 2631 48
693 2602 839 2633 coniecit
868 2602 988 2643 quique
1015 2603 1217 2644 (coluntque
1243 2604 1432 2640 Actaeona,
1459 2604 1519 2644 qui
1543 2602 1735 2634 imitandus

200 2649 300 2687 erat),
317 2658 428 2688 neque
443 2651 535 2680 enim
551 2650 652 2682 aliter
666 2655 805 2683 constat
820 2654 931 2684 oratio
1023 2656 1087 2687 184
1110 2654 1186 2686 sen.
1202 2655 1330 2686 Phoen.
1347 2657 1387 2687 14
1401 2665 1452 2695 sq.
1470 2653 1574 2686 iacuit
1588 2654 1735 2685 Actaeon

199 2699 272 2730 suis
294 2697 298 2742 Ι
317 2710 408 2730 noua
426 2700 553 2739 praeda
574 2701 714 2733 canibus
806 2706 868 2738 185
890 2705 1101 2746 interpunxi.
1148 2705 1254 2747 plana
1274 2706 1350 2738 loca
1371 2706 1514 2743 retibus,
1538 2708 1734 2742 montuosa,

200 2761 289 2791 quae
306 2752 446 2792 partim,
464 2755 588 2793 utpote
604 2753 801 2794 inaequalia
817 2758 853 2786 et
870 2756 1084 2798 confragosa,
1101 2757 1229 2789 retium
1245 2758 1323 2789 usui
1340 2758 1454 2789 minus
1470 2756 1735 2789 accommodata

199 2804 294 2838 sunt,
328 2802 514 2835 formidine
549 2803 760 2837 clauduntur
849 2809 983 2839 montes
1019 2808 1093 2845 ΒΜ,
1130 2810 1261 2840 mentes
1298 2809 1372 2841 eod.
1411 2810 1576 2844 Venetus,
1612 2805 1733 2838 mortis
