1855 3088
177 102 231 140 32
767 100 828 141 Μ.
861 99 995 142 MAN
998 99 1112 141 ILII

335 215 462 266 teque
481 211 561 252 tibi
581 211 723 253 credet
743 226 1001 267 semperque,
1022 217 1073 254 ut
1091 216 1227 254 matre
1246 218 1466 263 resectum,

336 285 538 340 abiunget
556 285 768 336 thalamis,
790 291 1057 342 segetemque
1075 287 1295 329 interseret
1313 288 1420 338 uuis,

336 374 527 414 quaeque
548 360 629 401 alia
649 360 857 402 innumeri
877 361 1015 403 cultus
1035 367 1099 403 est
1117 361 1253 403 forma
1272 376 1346 417 per
1365 362 1509 404 orbem

333 448 409 488 pro
428 434 595 489 regione
615 435 735 476 colet.
794 449 870 476 nec
889 450 1014 490 parce
1032 436 1133 477 uina
1152 441 1321 490 recepta

210 515 278 546 245
333 507 511 558 hauriet,
533 509 716 551 emeritis
737 514 779 550 et
799 509 1006 551 fructibus
1025 510 1113 565 ipse
1133 510 1297 552 fruetur

170 661 209 682 ex
234 651 282 682 eis
308 661 391 691 quas
418 651 489 691 ipse
515 652 656 691 coqnoui
682 652 826 683 maxime
850 653 1033 693 probantur
1060 653 1150 684 uelut
1176 652 1370 685 arbusculae
1396 653 1489 684 breui
1514 663 1607 684 crure
1632 653 1706 684 sine

170 702 375 734 adminiculo
394 713 455 742 per
476 713 510 733 se
531 707 654 734 stante-5·
676 703 823 744 (Pallad.
848 712 892 735 ΙΙΙ
915 705 981 744 11),
1005 705 1024 735 5
1050 706 1063 735 l
1089 704 1172 736 uitis
1193 715 1276 744 quae
1297 704 1371 735 sine
1392 704 1597 736 adminiculo
1618 703 1708 736 suis

169 753 330 785 uiribus
357 754 516 791 consistit,
546 756 565 786 9
593 755 678 786 duae
705 755 831 795 species
858 755 960 787 huius
987 766 1112 796 quoque
1139 756 1287 787 culturae
1313 759 1402 787 sunt.
1450 755 1514 787 alii
1540 755 1706 796 capitatae

170 805 300 842 uineas,
325 805 388 837 alii
412 805 664 837 bracchiatas
687 807 794 846 mayis
812 807 962 847 probant.
1011 807 1130 847 quibus
1149 807 1240 838 cordi
1259 811 1304 838 est
1324 807 1366 838 in
1397 806 1581 838 bracchia
1604 806 1707 838 uitem

169 866 371 896 componere,
405 857 583 889 conuenit.
604 883 610 889 .
631 882 638 889 .
657 858 695 889 in
727 862 880 898 quattuor
912 857 1065 890 bracchia
1096 858 1226 898 pedalis
1259 868 1432 890 mensurae
1464 858 1624 894 diuidere,
1659 857 1706 889 ita

170 911 206 939 ut
226 918 356 940 omnem
374 912 504 948 partem
525 909 608 940 caeli
628 909 763 949 siuqula
784 910 963 949 aspiciant,
987 910 1029 941 de
1051 909 1123 941 arb.
1146 911 1167 940 4
1192 911 1205 941 1
1231 909 1326 941 tertia
1347 910 1542 950 (uinearum
1563 909 1706 951 species)

171 970 257 991 more
281 960 434 991 arborum
457 960 495 991 in
517 971 551 991 se
574 960 766 997 consistens,
791 961 922 992 Plinius
946 961 1015 993 n.h.
1042 970 1122 992 XVII
1147 962 1209 992 164
1230 971 1291 1001 per
1312 971 1347 992 se
1369 961 1437 992 uite
1459 961 1616 992 subrecta.
1663 970 1707 992 ne

170 1011 272 1042 huius
295 1012 436 1052 quidem
459 1012 602 1048 formae,
627 1022 716 1052 quae
740 1023 832 1043 nunc
855 1013 1096 1053 uulgatissima
1119 1015 1182 1049 est,
1207 1012 1334 1044 notitia
1357 1012 1403 1044 ad
1426 1012 1620 1043 Breiterum
1644 1014 1707 1043 aut

172 1062 466 1103 Wageningenum
488 1066 694 1104 peruenerat
785 1066 847 1096 241
868 1063 930 1095 tibi
950 1064 1024 1095 cod.
1048 1064 1201 1095 Venetus
1222 1064 1312 1095 sicut
1333 1064 1525 1095 coniecerat
1546 1063 1707 1104 Scaliger,

171 1113 235 1145 cibi
255 1113 291 1152 L,
309 1114 372 1145 sibi
388 1113 495 1146 GL2M
585 1114 697 1146 credet
713 1115 809 1146 Voss.
829 1116 858 1151 1,
876 1114 981 1146 credit
997 1114 1088 1146 GLM
1179 1123 1210 1155 q.
1227 1116 1266 1146 ut
1279 1115 1309 1153 *,
1326 1114 1384 1156 qui
1398 1114 1488 1151 libri,
1504 1117 1545 1146 ut
1561 1113 1636 1146 Val.
1654 1113 1706 1145 Fl.

171 1173 194 1195 V
214 1165 278 1195 215
296 1176 393 1196 casus
412 1166 471 1205 qui
488 1176 550 1206 pro
569 1176 727 1205 casu-sque
747 1169 793 1202 ut,
813 1165 915 1197 Mart.
938 1174 962 1196 X
981 1166 1023 1197 39
1043 1166 1062 1197 3
1082 1176 1223 1206 namque
1241 1169 1277 1196 ut
1297 1178 1350 1205 αὙ,
1370 1176 1450 1197 ‘nam
1468 1166 1527 1206 qui
1544 1168 1576 1206 β.
1624 1165 1708 1205 quin

172 1215 342 1257 Scaliger3
378 1217 437 1247 sed
457 1227 584 1257 semper
604 1218 649 1248 ad
669 1217 756 1248 illud
776 1217 878 1249 credet
899 1218 1020 1258 putide
1040 1220 1076 1248 et
1095 1218 1220 1258 ignaue
1241 1217 1416 1248 adjectum
1436 1227 1508 1248 esse
1529 1216 1707 1248 Bentleius

171 1268 372 1304 rectissimo,
404 1272 444 1299 ut
473 1269 523 1299 ait
553 1269 730 1309 Hauptius
761 1279 877 1310 opusc.
910 1277 952 1299 111
981 1279 1014 1310 p.
1046 1270 1122 1305 474,
1152 1269 1279 1300 iudicio
1309 1268 1551 1309 pronuntiauit
1642 1269 1708 1300 242

171 1318 333 1360 abiunget
346 1320 375 1358 *,
400 1319 562 1360 adiunget
586 1320 655 1351 iam
680 1320 839 1360 Scaliger,
864 1319 1019 1360 adiungit
1043 1319 1159 1356 GL2M‚
1185 1321 1221 1351 at
1244 1319 1355 1360 iungit
1377 1319 1414 1358 L,
1439 1321 1473 1351 et
1495 1318 1606 1360 iungit
1629 1319 1704 1350 cod.

172 1371 334 1402 Venetus,
384 1371 559 1411 abiungyerc
580 1372 615 1402 in
637 1371 815 1410 adiunqere
836 1374 1014 1402 mutatum
1034 1374 1087 1402 est
1109 1371 1202 1402 Caes.
1227 1370 1303 1402 b.G.
1326 1380 1379 1402 VII
1400 1372 1442 1402 56
1463 1371 1494 1408 2,
1517 1370 1606 1402 Stat.
1629 1370 1704 1401 silu.

174 1430 186 1452 I
209 1423 229 1454 3
254 1424 306 1459 76,
334 1422 384 1453 bis
408 1423 512 1454 schol.
538 1422 627 1454 Stat.
653 1422 759 1454 Theb.
786 1431 808 1453 V
832 1423 915 1459 3893
956 1422 995 1453 ab
1020 1422 1056 1453 in
1080 1422 1123 1453 ad
1141 1421 1236 1462 apud
1254 1421 1437 1453 Manilium
1455 1422 1491 1453 in
1510 1421 1588 1453 aliis
1614 1431 1705 1452 com-

173 1474 295 1513 positis
319 1482 347 1504 11
371 1475 445 1510 394,
472 1482 514 1504 111
539 1475 614 1510 354,
639 1474 704 1505 380
761 1473 922 1505 thalamis
946 1473 974 1504 G
997 1473 1071 1505 cod.
1097 1474 1261 1510 Venetus,
1281 1473 1418 1505 talamis
1437 1473 1474 1512 L,
1493 1472 1635 1504 calamis
1656 1472 1703 1504 M.

174 1524 349 1556 Bacchum
377 1536 398 1555 a
425 1525 598 1561 thalamis,
626 1525 661 1555 in
693 1524 818 1565 quibus
849 1535 958 1566 paene
990 1535 1069 1556 cum
1101 1527 1212 1556 matre
1242 1525 1345 1566 periit
1376 1534 1592 1565 quorumque
1626 1533 1706 1555 eum

171 1579 369 1617 pertaesum
395 1587 467 1607 esse
494 1580 764 1608 consentaneum
783 1579 846 1613 est,
872 1577 907 1607 in
934 1586 1035 1607 omne
1061 1579 1199 1617 tempus
1225 1576 1401 1616 abiunget,
1426 1586 1496 1607 non
1514 1575 1705 1612 maritabit,

172 1637 214 1658 ne
246 1627 380 1668 iugabit
411 1628 564 1668 quidem,
597 1628 657 1668 qui
685 1628 750 1659 hoc
779 1638 886 1668 genus
922 1628 1043 1658 uineae
1078 1629 1243 1658 conseret.
1300 1627 1432 1668 calami,
1463 1626 1589 1667 quibus
1621 1626 1706 1667 quid

171 1678 382 1719 adiungitur,
418 1689 497 1710 cum
535 1679 725 1709 necessario
762 1678 973 1709 adminicula
1013 1679 1094 1715 sint,
1130 1681 1171 1709 ut
1213 1678 1312 1718 Verg.
1344 1688 1457 1718 georg.
1497 1686 1526 1708 II
1562 1678 1628 1709 358
1668 1680 1705 1708 et

172 1729 258 1761 Plin.
279 1731 348 1761 n.h.
371 1739 449 1760 XVII
471 1731 543 1767 168,
564 1741 644 1766 non,
664 1733 704 1760 ut
722 1730 806 1760 ibid.
826 1731 887 1761 102
904 1733 940 1760 et
955 1730 1095 1771 passim,
1112 1728 1239 1760 surculi
1255 1739 1297 1760 ex
1316 1728 1496 1760 arboribus
1514 1729 1550 1760 in
1568 1728 1708 1760 arbores

171 1782 276 1817 insiti,
301 1782 421 1822 inepta
445 1781 534 1812 fiunt
556 1781 616 1812 illa
639 1785 741 1812 matre
764 1785 942 1818 resectum;
981 1791 1092 1821 neque
1116 1781 1218 1817 enim,
1244 1781 1415 1821 quidquid
1438 1780 1523 1811 dicit
1546 1780 1707 1820 Scaliger,

172 1833 327 1864 surculus
349 1843 391 1864 ex
414 1833 534 1864 arbore
557 1833 718 1873 demptus
741 1836 776 1863 et
798 1833 965 1863 demissus
986 1832 1022 1863 in
1044 1832 1190 1863 humum
1212 1832 1333 1863 statim
1354 1831 1564 1863 adminiculo
1585 1831 1706 1863 adjun-

170 1885 273 1925 gitur,
302 1894 414 1924 neque
441 1885 562 1915 matris
590 1887 688 1915 utero
716 1887 874 1924 ereptum
902 1883 1006 1914 deum
1033 1886 1108 1914 tam
1135 1883 1276 1914 calamis
1304 1883 1572 1914 sustentandum
1599 1892 1705 1923 quam

172 1936 290 1967 cortici
321 1936 540 1966 inserendum
572 1938 707 1966 terraue
740 1935 957 1966 obruendum
987 1945 1060 1966 esse
1091 1934 1232 1971 credas;
1277 1934 1364 1965 nihil
1395 1937 1435 1966 ut
1466 1934 1610 1966 adiuuet
1641 1936 1705 1965 aut

174 1987 309 2018 Bentlei
328 1987 524 2018 coniectura
543 1986 709 2018 Semelcue
729 1997 749 2017 α
768 1990 869 2017 matre
888 1989 950 2017 aut
969 1996 1009 2017 ea
1028 1996 1135 2026 quam
1154 1985 1181 2017 I.
1203 1985 1242 2016 G.
1264 1985 1491 2016 Schneiderus
1509 1985 1554 2016 ad
1574 1984 1704 2016 Colum.

172 2047 209 2069 IV
231 2039 272 2069 26
294 2040 313 2069 3
335 2039 515 2079 proposuit
535 2038 734 2078 stirpemque
755 2048 776 2068 α
796 2041 897 2068 matre
917 2040 1072 2068 resectam
1161 2035 1338 2068 interseret
1359 2036 1517 2077 Scaliger,
1538 2035 1709 2067 interserit

170 2089 258 2121 libri.
307 2090 382 2126 hoc,
408 2093 447 2120 ut
471 2089 687 2120 frumentum
711 2089 801 2119 inter
825 2089 914 2120 uites
938 2091 1082 2125 seratur,
1107 2098 1178 2119 non
1202 2088 1326 2119 tertiae
1350 2087 1505 2119 culturae
1528 2088 1707 2129 proprium

171 2151 242 2172 esse
267 2141 326 2171 sed
352 2141 482 2181 primae
507 2141 623 2181 potius
648 2140 737 2171 adici
762 2139 869 2171 solere
894 2139 1066 2180 colligitur
1090 2149 1132 2170 ex
1158 2139 1245 2170 Plin.
1271 2139 1341 2170 n.h.
1369 2147 1448 2169 XVII
1472 2140 1547 2176 203,
1573 2138 1704 2170 Colum.

171 2201 194 2223 V
213 2194 232 2223 6
253 2194 302 2229 11,
324 2193 341 2223 7
362 2193 392 2228 3,
413 2192 454 2222 (le
473 2191 544 2222 arb.
567 2192 607 2222 16
626 2193 657 2227 2,
678 2191 808 2222 Pallad.
830 2199 872 2221 ΙΙΙ
892 2192 932 2222 10
951 2192 971 2221 5
1063 2192 1126 2223 243
1152 2192 1216 2223 244
1240 2190 1371 2221 Colum.
1392 2198 1435 2220 111
1454 2191 1469 2221 1
1491 2191 1511 2220 4
1529 2189 1648 2230 refert.
1669 2214 1675 2221 .
1696 2214 1702 2221 .

170 2244 268 2274 cuius
289 2243 416 2282 qeneris
437 2247 494 2273 aut
515 2253 577 2283 quo
599 2242 713 2273 habitu
734 2243 836 2273 uitem
855 2252 916 2282 pro
936 2241 1081 2281 reqiouis
1101 2245 1189 2272 statu
1209 2241 1308 2272 colere
1328 2251 1470 2278 censeas,
1492 2250 1594 2281 neque
1617 2241 1708 2272 enim

172 2295 264 2325 omni
281 2294 367 2326 caelo
384 2294 493 2325 soloue
510 2294 617 2325 cultus
634 2294 722 2325 idem
814 2296 876 2326 243
894 2294 945 2325 est
961 2293 1051 2324 Flor.
1071 2296 1106 2324 et
1124 2292 1236 2329 B0d1.,
1255 2294 1288 2324 et
1305 2291 1396 2324 GLM
1488 2294 1551 2325 244
1567 2292 1655 2323 colet
1670 2292 1707 2324 M

172 2347 262 2377 sicut
285 2346 476 2376 coniecerat
499 2345 658 2385 Scaliger,
683 2344 763 2376 colit
786 2344 840 2376 GL
930 2353 1030 2385 parce
1054 2343 1135 2381 GL2,
1157 2345 1252 2384 parte
1274 2343 1337 2375 LM
1410 2345 1492 2377 '245
1514 2342 1662 2374 emeritis
1676 2343 1707 2382 *,

173 2396 323 2428 emiseris
341 2396 428 2433 libri,
448 2400 488 2428 ut
507 2397 587 2428 Luc.
608 2405 660 2426 VII
679 2398 738 2427 771
761 2396 891 2427 miseris
909 2395 942 2427 U
959 2406 1021 2436 pro
1040 2395 1176 2432 meritis,
1196 2394 1284 2426 Stat.
1305 2394 1411 2426 Theb.
1431 2403 1471 2425 IX
1490 2396 1553 2426 780
1571 2395 1708 2425 miseros

173 2449 205 2480 N
224 2459 285 2489 pro
305 2448 444 2479 meritos.
492 2449 563 2488 ipse
582 2448 716 2479 fruetur
733 2447 904 2479 fructibus
923 2457 1009 2487 quos
1026 2446 1143 2478 labore
1162 2449 1197 2477 et
1214 2447 1385 2477 industria
1403 2447 1558 2477 emeruit.
1600 2447 1706 2486 parti-

174 2501 253 2540 cipii
267 2500 314 2530 sic
328 2500 467 2539 passiuo
481 2510 580 2529 sensu
595 2499 699 2539 positi
712 2498 869 2539 exempla
883 2499 927 2529 ad
942 2507 955 2528 1
967 2499 1031 2528 414
1045 2497 1150 2529 attuli
1165 2510 1171 2528 :
1199 2497 1287 2528 adde
1302 2497 1382 2528 Luc.
1398 2505 1412 2527 1
1424 2498 1487 2528 357
1501 2497 1628 2527 emeriti
1644 2521 1650 2528 .
1671 2521 1678 2528 .
1699 2521 1706 2528 .

173 2551 324 2590 insiqnia
341 2550 430 2586 dorii,
448 2559 490 2580 III
507 2551 570 2580 622
586 2550 720 2580 emerita
735 2549 805 2580 iam
821 2554 919 2580 morte
935 2562 941 2586 ;
971 2553 1149 2590 praeterea
1166 2548 1232 2580 Cic.
1250 2559 1312 2589 pro
1329 2548 1368 2586 Q.
1386 2548 1487 2580 Rosc.
1504 2549 1547 2578 44
1556 2548 1706 2588 fructum

172 2612 267 2642 quem
284 2605 482 2637 meruerunt,
502 2601 576 2631 Val.
595 2600 687 2632 Max.
706 2610 773 2631 VIII
791 2603 808 2631 7
827 2604 895 2631 ext.
919 2602 931 2630 1
953 2600 1122 2631 industria
1139 2625 1145 2630 .
1166 2624 1172 2631 .
1193 2624 1199 2631 .
1218 2610 1312 2639 quem
1329 2603 1467 2630 meretur
1477 2599 1627 2640 fructum
1644 2623 1651 2630 .
1671 2623 1678 2630 .
1699 2623 1706 2630 .

172 2653 322 2692 recipiat,
354 2651 440 2682 Plin.
473 2663 524 2692 ep.
558 2660 595 2681 IV
627 2653 666 2682 14
696 2653 715 2683 3
741 2651 862 2691 sama.
883 2676 889 2682 .
909 2676 916 2682 .
936 2651 1150 2682 meritissima
1173 2650 1312 2691 fruitur.
1361 2649 1494 2681 emessis
1524 2649 1708 2681 Geuartius

173 2705 270 2735 elect.
298 2712 327 2734 11
351 2714 379 2734 c.
409 2704 447 2734 13
474 2703 568 2733 haud
594 2702 752 2738 absurde,
780 2703 863 2733 meti
895 2703 986 2733 enim
1012 2712 1100 2733 uuae
1126 2702 1289 2733 dicuntur
1314 2701 1412 2741 Verg.
1439 2711 1550 2741 georg.
1578 2709 1606 2732 ΙΙ
1630 2702 1706 2737 410,

176 2755 306 2786 Colum.
328 2763 352 2785 x
371 2755 446 2791 426,
466 2754 511 2785 Μ.
533 2754 626 2785 Caes.
648 2765 702 2794 ap.
724 2753 842 2784 Front.
864 2762 900 2784 1v
921 2754 939 2784 6
959 2753 1062 2794 (Nab.
1083 2764 1115 2794 p.
1138 2754 1204 2793 69),
1225 2753 1353 2784 demeti
1372 2752 1465 2793 apud
1484 2751 1706 2784 Columellam

177 2810 212 2838 et
230 2806 389 2838 Plinium.
438 2809 569 2837 ceteras
586 2805 800 2837 coniecturas
817 2815 859 2836 ne
877 2804 1196 2837 commemorandas
1213 2804 1353 2845 quidem
1369 2804 1453 2835 duxi
1541 2802 1708 2834 fructibus
