1855 3088
590 127 1074 171 ASTRONOMICON
1104 128 1145 170 V
1578 132 1632 171 93

267 242 373 294 quot
391 237 562 280 delabsa
581 238 738 280 cadant
756 238 953 280 foliorum
971 238 1087 281 milia
1105 239 1234 290 siluis,

266 312 446 367 amplius
465 312 544 354 hoc
563 311 679 366 ignes
697 326 871 354 numero
891 313 1069 355 uolitare
1088 328 1162 369 per
1181 314 1338 355 orbem.

266 391 398 441 utque
418 401 491 441 per
509 386 690 441 ingentis
710 387 890 441 populus
910 387 1151 429 discribitur
1169 388 1305 438 urbes,

145 468 211 500 735
265 460 601 515 principiumque
620 465 763 515 patres
781 461 966 502 retinent
985 466 1028 503 et
1047 462 1288 516 proximum
1307 467 1500 517 equester

266 535 368 576 ordo
388 534 540 584 locum,
561 534 849 590 populumque
869 535 1002 590 equiti
1021 536 1261 591 populoque
1281 536 1420 578 subire

266 608 417 663 uulgus
436 608 545 650 iners
564 608 709 650 uideas
729 614 773 651 et
791 609 877 650 iam
896 609 984 651 sine
1003 610 1172 651 nomine
1190 610 1376 660 turbam,

266 682 325 724 sic
345 683 474 724 etiam
493 697 646 738 magno
667 684 877 738 quaedam
895 698 960 725 res
980 684 1148 738 publica
1167 685 1327 726 mundo
1347 689 1412 726 est

268 771 397 812 quam
416 762 569 799 natura
588 757 705 807 facit,
727 772 835 813 quae
855 758 969 799 caelo
989 758 1180 800 condidit
1198 759 1359 800 urbem.

104 987 332 1019 subiunctiuis
358 987 430 1019 dixi
455 987 501 1019 ad
525 996 563 1019 rv
589 988 654 1020 888
745 990 809 1022 732
833 987 971 1029 delapsa
995 988 1070 1020 cod.
1098 988 1201 1026 Flor„
1228 988 1351 1021 delibia
1376 989 1422 1028 M,
1449 988 1560 1021 deliba
1585 988 1640 1021 GL

106 1039 206 1070 metri
228 1049 341 1070 causa.
389 1039 500 1070 labsus
522 1039 666 1080 triginta
686 1039 769 1070 locis
791 1040 916 1080 optimi
937 1040 1078 1080 Vergilii
1098 1040 1243 1077 codices,
1267 1040 1371 1072 Ribb.
1394 1041 1481 1082 prol.
1505 1051 1538 1082 p.
1562 1041 1639 1077 390,

103 1089 231 1122 labium
247 1101 310 1132 pro
327 1090 457 1122 labsum
474 1101 577 1122 carm.
597 1091 701 1132 epigr.
723 1090 850 1122 Buech.
870 1092 935 1123 480
955 1092 974 1123 8
992 1091 1115 1132 (C.I.L.
1135 1099 1204 1122 vm
1221 1093 1310 1131 434).
1359 1092 1518 1123 imitatus
1536 1095 1641 1133 poeta

105 1144 158 1173 est
180 1141 278 1182 Verg.
297 1141 382 1173 Aen.
401 1150 439 1172 VI
462 1142 527 1173 309
550 1152 600 1182 sq.
625 1152 741 1182 quam
771 1142 893 1173 multa
928 1141 969 1174 in
1005 1142 1130 1173 siluis
1166 1142 1323 1174 autumni
1346 1142 1472 1184 sriqore
1500 1142 1611 1183 primo
1633 1141 1638 1185 Ι

104 1192 221 1233 lapsa
251 1192 396 1224 cadunt
421 1192 502 1233 soli
508 1203 529 1223 a
544 1204 552 1229 ;
585 1193 645 1233 qui
658 1192 754 1224 locus
769 1193 797 1224 si
812 1203 881 1224 non
896 1193 1041 1225 retinuit
1057 1193 1251 1225 Breiterum
1266 1194 1351 1234 quin
1366 1194 1450 1225 haec
1465 1193 1641 1230 scriberet,

107 1242 115 1255 ‘
130 1243 184 1274 die
196 1243 381 1284 Ausgaben
393 1243 485 1274 lesen
497 1243 644 1283 delapsa,
658 1244 720 1274 wie
733 1243 869 1275 stimmt
882 1244 944 1275 das
957 1243 1039 1275 aber
1051 1254 1093 1275 zu
1105 1244 1225 1276 cadant
1243 1246 1255 1275 ’ἰ
1273 1244 1293 1281 ’,
1306 1245 1436 1275 frustra
1449 1244 1643 1276 adicientur

106 1293 172 1326 Cic.
193 1294 249 1325 off.
270 1303 283 1325 1
302 1295 343 1325 77
361 1294 498 1335 delapsa
514 1318 521 1325 .
541 1318 548 1326 .
568 1318 575 1325 .
594 1294 788 1331 ceciderunt,
809 1295 910 1326 Ouid.
930 1298 994 1326 art.
1015 1303 1029 1326 1
1047 1296 1110 1326 547
1129 1295 1243 1327 cecidit
1261 1295 1428 1336 delapsus,
1449 1295 1540 1327 Petr.
1563 1296 1603 1326 16
1620 1296 1640 1326 2

105 1345 242 1386 delapsa
272 1345 397 1382 cecidit,
430 1345 518 1377 Stat.
552 1345 658 1377 Theb.
691 1354 720 1376 Π
749 1347 814 1377 257
845 1355 895 1386 sq.
928 1345 1085 1386 delapsus
1102 1370 1109 1377 .
1129 1370 1136 1377 .
1156 1370 1163 1377 .
1182 1346 1280 1377 cadit.
1329 1350 1483 1378 ceterum
1513 1346 1643 1377 declina

106 1397 179 1428 siue
202 1396 347 1429 decliuia
369 1396 454 1428 folia
477 1396 602 1428 Latine
625 1407 696 1428 non
720 1397 788 1429 dici
812 1396 973 1428 omnibus
997 1401 1121 1429 notum
1146 1408 1218 1429 esse
1243 1398 1400 1439 oportuit
1424 1407 1536 1438 neque
1560 1400 1643 1429 ante

105 1451 261 1480 nostram
290 1451 443 1480 aetatem
470 1448 696 1489 ignorabatur
787 1451 850 1482 '733
878 1449 1027 1489 amplius
1056 1459 1118 1490 pro
1144 1449 1259 1489 plures
1287 1449 1460 1481 adiectiuo
1489 1449 1643 1490 positum

104 1501 231 1541 (neque
258 1501 350 1532 enim
377 1500 548 1531 uolitandi
575 1499 682 1531 uerbo
709 1500 745 1531 id
773 1500 978 1532 aduerbium
1006 1501 1183 1540 conuenit)
1211 1500 1361 1532 editores
1388 1511 1459 1532 non
1486 1500 1642 1531 animad-

106 1554 250 1583 uertunt
276 1561 387 1592 neque
414 1552 633 1592 consignauit
662 1551 749 1583 thes,
781 1551 862 1592 ling.
895 1551 986 1589 Lat„
1018 1552 1079 1583 sed
1108 1562 1151 1583 ex
1182 1551 1410 1584 deterioribus
1441 1551 1643 1584 auctoribus

105 1602 230 1634 similia
243 1612 257 1634 1
270 1613 302 1644 p.
318 1604 404 1635 2012
418 1603 472 1639 27,
487 1604 541 1639 32,
556 1604 598 1635 50
612 1612 676 1643 sq.,
692 1604 744 1639 83,
760 1614 792 1644 p.
808 1604 895 1634 2015
911 1604 963 1640 82,
978 1603 1076 1634 uelut
1090 1603 1170 1635 Ital.
1183 1603 1256 1634 Ioh.
1270 1611 1308 1634 1v
1321 1605 1360 1634 41
1379 1603 1479 1634 multo
1494 1602 1644 1643 amplius

106 1653 311 1685 crediderunt
342 1653 470 1694 (πολλῷ
498 1654 633 1685 πλείουσ
661 1654 878 1693 ἐπίστευσαν).
928 1664 1007 1685 011111
1038 1653 1143 1694 uulgo
1175 1653 1347 1685 diceretur
1377 1653 1525 1694 amplius
1555 1652 1645 1684 mille

105 1704 207 1745 iqnes,
222 1704 322 1736 facile
335 1704 401 1736 huc
416 1704 547 1746 delapsi
561 1707 643 1736 sunt
658 1716 665 1736 ε
693 1704 779 1745 quid
792 1704 887 1745 quod
899 1705 1014 1746 ipsum
1028 1705 1117 1736 mille
1130 1715 1173 1736 ex
1187 1705 1351 1746 singulari
1364 1705 1496 1746 plurale
1509 1704 1644 1736 factum

106 1759 158 1787 est
176 1758 189 1788 ?
282 1758 345 1790 '734
364 1764 428 1796 (1110
448 1755 512 1792 GL,
534 1766 600 1787 om.
621 1756 658 1787 M
747 1755 891 1797 populus
910 1756 973 1788 LM
991 1759 1027 1787 et
1046 1766 1130 1787 corr.
1152 1767 1194 1787 ex
1213 1755 1329 1797 populi
1347 1755 1386 1794 G,
1405 1755 1548 1797 populos
1567 1755 1642 1787 cod.

106 1806 259 1838 Venetus
349 1806 541 1838 discribitur
579 1806 626 1845 M,
667 1806 867 1838 describitur
906 1806 961 1838 GL
1063 1806 1163 1838 urbes
1204 1807 1393 1843 Bentleius,
1435 1806 1555 1838 urbem
1595 1808 1645 1847 (et

107 1857 283 1897 inqentem)
298 1858 368 1889 iam
381 1857 471 1889 Flor.
487 1861 523 1889 et
538 1857 650 1894 Bodi„
666 1857 762 1889 orbes
777 1856 880 1895 GLM,
895 1857 994 1889 orbos
1008 1858 1082 1889 cod.
1099 1858 1253 1889 Venetus
1345 1860 1408 1891 735
1419 1857 1644 1898 principium,

108 1919 170 1951 pro
188 1919 258 1950 quo
276 1909 425 1940 editores
440 1908 664 1949 praecipuum
682 1908 861 1946 dederant,
880 1909 1035 1940 restituit
1053 1908 1202 1940 Iacobus
1219 1911 1407 1950 praeeunte
1426 1908 1646 1940 Vierschroto

107 1960 202 2002 apud
236 1959 450 1992 Stoeberum.
496 1959 709 2000 principium
743 1960 822 2000 (hoc
856 1963 909 1991 est
943 1960 1192 2001 principatum)
1228 1959 1456 2000 columenque
1490 1960 1646 1991 omnium

107 2022 222 2043 rerum
246 2011 348 2052 pretii
372 2011 579 2051 margaritae
603 2014 708 2042 tenere
732 2011 895 2042 dicuntur
920 2010 1007 2042 Plin.
1029 2011 1099 2042 n.h.
1121 2019 1160 2042 1x
1184 2012 1247 2042 106
1338 2011 1380 2042 de
1404 2011 1543 2042 elisione
1567 2011 1647 2042 uide

108 2062 177 2094 uol.
192 2071 221 2093 Π
232 2073 265 2104 p.
284 2063 342 2094 111
361 2073 368 2093 :
396 2062 517 2093 eodem
530 2061 617 2103 pede
632 2061 776 2094 Ouidius
783 2062 971 2103 fluminum
984 2072 1122 2099 amores,
1137 2061 1303 2102 uirqiuem
1316 2065 1344 2093 et
1356 2072 1472 2099 uuam,
1487 2062 1648 2093 Lucanus

109 2113 306 2145 Ariminum
325 2117 353 2145 et
373 2113 476 2153 iques,
497 2113 659 2144 Manilius
678 2113 751 2154 ipse
771 2121 814 2144 111
833 2114 897 2145 423
917 2113 1027 2144 ducito
1047 2113 1085 2144 in
1104 2123 1226 2154 aequas
1317 2116 1380 2147 '736
1401 2112 1505 2154 equiti
1524 2113 1648 2154 Regio-

109 2168 307 2202 montanus,
343 2164 497 2206 equitum
531 2163 633 2203 GLM,
669 2164 819 2205 equitem
852 2164 927 2196 cod.
944 2165 1098 2196 Venetus
1189 2167 1253 2198 737
1287 2166 1321 2196 et
1353 2164 1425 2196 iam
1459 2164 1648 2201 Bentleius,

108 2216 214 2248 etiam
243 2216 331 2248 libri.
379 2215 449 2247 iam
479 2215 553 2247 sine
583 2216 728 2253 nomine,
761 2217 864 2247 οὐκέτι
897 2217 1088 2254 ὀνομαστήν,
1115 2226 1196 2253 non,
1228 2216 1318 2247 sicut
1350 2216 1479 2257 priores
1509 2216 1647 2257 gradus,

109 2278 235 2299 nomen
268 2267 465 2299 habentem.
514 2266 584 2299 iam
617 2270 670 2298 est
700 2271 879 2308 postquam
911 2267 974 2298 huc
1006 2267 1235 2298 descendimus
1267 2267 1499 2298 enumerando.
1548 2267 1648 2308 Verg.

109 2319 193 2350 Aen.
212 2328 252 2350 IX
269 2320 333 2351 343
350 2319 423 2350 sine
439 2319 573 2350 nomine
587 2318 724 2358 plebem,
743 2318 802 2350 Sil.
821 2327 876 2349 XII
892 2319 956 2350 317
973 2319 1046 2350 sine
1063 2318 1196 2350 nomine
1213 2318 1345 2358 uulqus,
1365 2327 1388 2349 x
1405 2319 1448 2349 28
1465 2328 1514 2359 sq.
1534 2318 1651 2358 inqens

109 2369 258 2402 nominis
289 2380 404 2410 expers
421 2394 428 2401 .
448 2394 455 2401 .
475 2394 482 2401 .
501 2370 597 2401 turba
689 2372 752 2403 738
783 2369 974 2410 respublica
1006 2369 1183 2401 Bentleius
1215 2370 1251 2401 in
1282 2369 1407 2401 litteris
1439 2380 1531 2401 anno
1566 2371 1650 2401 1724

111 2421 202 2453 datis
230 2422 393 2463 (Hauptii
421 2431 537 2462 opusc.
569 2429 612 2452 111
639 2432 672 2462 p.
706 2422 793 2460 106),
823 2421 1024 2461 respondere
1052 2421 1126 2459 LM,
1161 2430 1215 2453 res
1248 2421 1392 2462 pendere
1427 2420 1465 2452 G.
1514 2421 1650 2452 Bentlei

110 2473 389 2504 emendationem
420 2473 562 2504 iterauit
593 2472 779 2504 Withofius
809 2473 844 2503 in
875 2472 1118 2504 dissertatione
1149 2472 1193 2503 ab
1223 2472 1412 2504 Arntzenio
1442 2483 1534 2503 anno
1567 2474 1651 2504 1754

108 2524 204 2556 edita
232 2525 348 2565 (Dion.
380 2524 453 2555 Cat.
484 2523 620 2555 distich.
651 2535 684 2565 p.
715 2524 804 2563 566),
835 2533 939 2564 quem
967 2534 1081 2555 rerum
1112 2524 1267 2555 ordinem
1297 2524 1468 2555 inuertere
1499 2524 1653 2565 cupienti

110 2575 239 2607 Iacobo
262 2575 374 2606 restiti
398 2575 466 2606 1101.
492 2583 506 2605 1
529 2586 562 2616 p.
589 2575 659 2611 xix,
686 2575 782 2606 cuius
806 2574 911 2606 fidem
934 2585 1026 2606 nunc
1051 2575 1096 2606 ad
1119 2585 1203 2607 eum
1222 2575 1338 2606 locum
1361 2576 1397 2606 in
1421 2575 1652 2616 suspicionem

111 2626 245 2658 uocaui.
293 2630 328 2658 et
346 2637 430 2666 resp.
451 2629 486 2657 et
504 2636 554 2666 rp.
575 2626 680 2667 uulgo
698 2636 760 2667 pro
778 2636 828 2657 res
844 2626 981 2666 publica
998 2629 1188 2668 ponuntur,
1207 2630 1258 2667 Pp.
1279 2627 1385 2657 etiam
1404 2637 1466 2668 pro
1484 2626 1654 2666 respoudit

110 2678 146 2709 in
162 2678 254 2709 notis
269 2677 351 2708 iuris
368 2677 498 2709 G.L.K.
516 2685 554 2707 1v
569 2688 601 2718 p.
620 2677 685 2708 299
703 2679 717 2708 l
736 2689 744 2714 ;
775 2676 850 2709 Sen.
869 2688 965 2718 apoc.
984 2678 1004 2709 3
1023 2679 1036 2709 l
1055 2677 1134 2709 libri
1148 2678 1278 2719 partim
1293 2677 1342 2708 rei
1354 2677 1508 2717 publicae
1523 2678 1652 2719 partim

111 2729 289 2769 respondit.
338 2728 524 2760 Withofius
540 2728 689 2760 contulit
705 2728 791 2760 Plin.
809 2739 861 2770 ep.
879 2737 948 2759 V111
964 2730 1004 2760 16
1019 2730 1039 2760 2
1063 2729 1171 2760 seruis
1193 2739 1254 2760 res
1274 2729 1440 2769 publica
1462 2728 1653 2769 quaedam

112 2783 140 2811 et
154 2780 253 2821 quasi
266 2779 389 2811 ciuitas
404 2779 521 2811 domus
536 2783 581 2811 est
672 2781 723 2811 est
737 2779 784 2818 M,
802 2790 869 2812 om.
887 2779 942 2812 GL
1034 2783 1096 2815 '739
1112 2780 1232 2812 urbem
1248 2780 1412 2812 Barthius
1428 2780 1507 2811 adu.
1525 2791 1557 2822 p.
1576 2781 1653 2817 379,

115 2830 232 2864 Orbem
245 2831 334 2864 libri.
383 2831 474 2863 Plut.
493 2830 536 2863 de
552 2841 676 2863 comm.
696 2834 769 2864 not.
788 2832 830 2864 34
848 2832 866 2863 6
882 2833 935 2864 τόν
951 2844 990 2872 ’γε
1007 2833 1122 2870 κόσμον
1138 2834 1217 2864 εἶναι
1235 2833 1328 2863 πόλιν
1347 2833 1399 2863 καὶ
1419 2833 1559 2863 πολίτασ
1576 2834 1653 2863 τοὺσ
