1855 3088
709 592 990 634 CAPITVLA

156 683 308 725 capitula
319 683 355 714 in
367 683 403 714 M
415 694 436 714 a
448 684 560 725 prima
569 693 675 714 manu
685 684 815 724 scripta
824 686 906 714 sunt
916 683 1040 715 litteris
1053 682 1250 715 maiusculis
1262 685 1507 724 praeterquam
1519 683 1564 713 ad
1577 691 1620 714 111

94 736 155 768 160
167 738 203 766 et
215 736 277 767 537
292 737 328 766 et
339 743 378 765 IV
391 735 465 771 866,
479 735 539 766 ubi
552 745 630 766 cum
644 745 705 776 pro
719 737 841 776 poetae
855 735 968 766 uerbis
982 734 1102 766 habita
1115 737 1229 766 essent
1242 734 1434 765 minuscula
1447 735 1618 775 scriptura

91 788 233 817 exarata
249 788 340 816 sunt.

155 837 260 868 etiam
276 838 312 868 in
328 835 356 867 G
372 836 545 877 pleraque,
562 838 627 868 nisi
640 836 751 873 fallor,
769 837 880 878 prima
899 847 1022 868 manus
1041 837 1189 878 scripsit,
1209 839 1245 867 et
1264 836 1404 877 quidem
1423 835 1621 867 maiusculis

90 890 332 930 praeterquam
351 887 395 918 ad
414 896 427 918 ῐ
446 889 521 925 566,
543 896 571 918 11
593 889 665 924 150,
692 889 765 924 159,
787 896 830 918 111
853 889 906 919 43.
953 887 1014 918 sed
1035 890 1114 929 post
1135 887 1257 919 addita
1281 898 1354 919 esse
1377 897 1483 929 quam
1506 888 1620 928 ipsum

90 949 226 971 carmen
243 940 411 980 scriptum
429 942 519 970 esset
537 939 626 970 clare
643 939 834 970 ostendunt
851 940 966 980 spatia
983 940 1085 970 nimis
1104 941 1181 970 arta
1198 942 1234 970 et
1251 940 1287 970 in
1305 940 1495 980 marginem
1513 949 1620 970 exun-

90 990 210 1022 dantia
231 990 338 1021 uerba
359 990 405 1021 ad
426 998 454 1021 11
476 991 552 1027 433,
575 999 618 1021 111
643 992 671 1027 l,
695 991 771 1027 385,
795 992 871 1027 510,
894 1000 936 1021 ne
959 990 1088 1023 addam
1110 993 1188 1022 tota
1210 991 1246 1022 in
1268 991 1422 1031 margine
1444 990 1620 1031 adscripta

89 1041 241 1083 capitula
257 1041 303 1072 ad
318 1050 332 1072 1
348 1042 423 1078 566,
441 1050 468 1072 ΙΙ
488 1043 560 1078 150,
579 1043 653 1078 395,
671 1050 714 1072 ΠΙ
730 1043 805 1074 203.

153 1094 189 1124 in
201 1092 227 1124 L
239 1103 347 1133 usque
360 1092 405 1123 ad
421 1101 434 1123 1
450 1094 514 1124 666
531 1092 683 1133 capitula
700 1092 900 1124 minusculis
917 1094 1047 1134 scripta
1064 1095 1147 1124 sunt
1164 1092 1288 1130 rubris,
1306 1092 1453 1125 sortasse
1470 1103 1491 1124 a
1508 1094 1621 1134 prima

89 1154 205 1181 manu,
229 1143 289 1175 sed
311 1143 413 1175 solito
436 1144 624 1175 maioribus
646 1146 682 1175 et
705 1144 938 1175 crassioribus.
985 1145 1020 1175 in
1043 1144 1175 1185 reliquo
1198 1145 1349 1176 carmine
1372 1145 1487 1186 spatia
1509 1154 1621 1175 uacua

87 1195 206 1226 relicta
230 1198 312 1226 sunt
336 1195 496 1235 capitulis
520 1194 637 1235 qualia
660 1196 696 1226 in
719 1194 756 1226 M
780 1195 835 1226 uel
859 1194 887 1226 G
911 1195 1085 1226 habentur
1108 1195 1311 1237 recipiendis
1336 1195 1619 1227 accommodata:

88 1247 162 1288 ipsa
183 1245 336 1287 capitula
357 1247 501 1277 minutis
523 1246 649 1277 litteris
670 1247 706 1277 in
728 1247 882 1287 margine
905 1246 1043 1278 addidit
1067 1256 1190 1278 manus
1212 1248 1326 1278 minus
1350 1248 1497 1287 antiqua
1521 1246 1562 1278 Ι..3
1581 1256 1622 1278 eo

88 1297 228 1328 consilio
243 1300 284 1328 ut
299 1307 320 1327 a
335 1297 548 1328 rubricatore
563 1298 743 1329 contextui
758 1298 1000 1329 insererentur.
1048 1297 1108 1329 sed
1123 1297 1227 1329 index
1243 1297 1475 1339 capitulorum
1490 1297 1577 1329 libro
1593 1306 1621 1328 11

88 1349 294 1390 praemissus
309 1358 329 1378 a
344 1349 455 1389 prima
470 1358 576 1379 manu
590 1349 739 1390 scriptus
753 1359 826 1380 esse
839 1348 979 1380 uidetur
993 1350 1153 1390 quamuis
1168 1349 1358 1381 minoribus
1373 1359 1479 1390 quam
1494 1349 1620 1390 quibus

88 1400 141 1431 uti
156 1399 244 1430 solet
259 1399 394 1430 litteris.

152 1461 222 1482 non
237 1452 353 1482 omnia
369 1451 513 1482 minima
528 1450 741 1491 singulorum
757 1451 916 1483 codicum
932 1451 1060 1483 menda
1075 1452 1228 1489 enotaui,
1246 1462 1308 1483 nec
1325 1452 1390 1483 nisi
1410 1462 1487 1483 raro
1506 1461 1620 1483 recen-

87 1502 215 1534 tiorum
232 1512 400 1533 manuum
415 1503 586 1533 rationem
602 1502 720 1534 habui.

844 1607 865 1648 I

89 1692 187 1728 ante
218 1697 236 1728 1
266 1686 417 1728 titulus
452 1686 632 1728 duarum
664 1686 871 1728 linearum
901 1701 1042 1728 erasus
1071 1687 1115 1728 in
1145 1696 1185 1728 G.
1242 1688 1364 1729 Arati
1389 1686 1625 1743 philosophi

90 1753 384 1794 astronomicon
410 1752 414 1806 Ι
440 1752 537 1793 liber
560 1753 724 1807 primus
751 1753 900 1807 incipit
925 1753 1090 1794 duabus
1117 1753 1236 1794 lineis
1263 1762 1289 1795 L
1316 1754 1360 1795 in
1387 1768 1467 1795 ras.
1493 1767 1623 1795 manu

89 1819 265 1873 antiqua
285 1833 333 1858 ao
353 1818 530 1859 fortasse
549 1818 697 1872 prima.
755 1819 880 1873 periit
900 1818 1048 1859 folium
1068 1819 1112 1860 in
1129 1828 1178 1860 Μ.

88 1885 143 1925 ad
164 1895 181 1925 1
203 1883 420 1925 Prelibatz'o
439 1893 465 1924 L
484 1884 528 1924 in
546 1898 677 1938 marg.

89 1955 188 1992 ante
209 1960 272 1991 118
291 1950 353 1990 De
372 1950 525 2004 oriyine
545 1949 691 1991 mundi
710 1958 810 1991 GLM.

89 2021 188 2057 ante
209 2026 272 2057 194
291 2015 424 2066 Quare
443 2022 546 2056 terra
565 2016 617 2056 sit
636 2015 809 2056 rotunda
827 2024 928 2057 GLM.

89 2087 188 2123 ante
208 2092 270 2123 263
290 2082 352 2122 De
371 2089 450 2121 XII
469 2082 611 2135 siquis.
668 2082 730 2122 De
745 2082 882 2123 Ariete
901 2090 921 2121 I
941 2090 979 2123 L.
1036 2082 1081 2123 in
1100 2091 1137 2123 M
1154 2082 1317 2124 nullum
1332 2083 1622 2133 interstitium,

89 2148 133 2188 in
161 2162 291 2202 marg.
317 2148 436 2202 sigma
460 2155 545 2186 XII
573 2148 750 2189 fortasse
775 2162 887 2188 man.
917 2150 952 2197 1,
978 2148 1206 2190 recentiore
1233 2149 1296 2189 De
1322 2157 1407 2188 XII
1434 2149 1564 2204 siquis
1591 2156 1626 2191 et

86 2214 221 2268 primo
239 2213 285 2254 de
302 2214 435 2254 ariete.
493 2227 569 2254 neo
587 2213 737 2255 titulus
755 2228 831 2255 neo
848 2214 1125 2255 interstitium
1142 2214 1186 2255 in
1203 2222 1243 2255 G.

90 2280 144 2320 ad
165 2290 229 2321 274
249 2279 292 2320 in
313 2293 442 2333 marg.
462 2279 525 2320 De
541 2293 626 2328 aze,
648 2290 712 2320 294
731 2279 793 2320 De
814 2280 1061 2333 aryonautis,
1081 2290 1145 2321 299
1166 2280 1228 2320 De
1247 2294 1446 2334 cynosura
1466 2295 1579 2322 man.
1602 2284 1621 2322 1

89 2350 139 2386 ut
171 2345 340 2386 uidetur
372 2353 408 2392 L,
443 2345 487 2385 in
520 2345 792 2399 sequentibus
826 2345 947 2399 plura
980 2345 1164 2386 siderum
1197 2346 1369 2387 nomina
1404 2347 1500 2401 plus
1539 2362 1624 2388 una

89 2425 219 2452 manu
238 2411 451 2465 adscripta
471 2424 478 2459 ;
515 2411 714 2465 pauciora
732 2419 780 2460 Μ,
802 2411 917 2451 nulla
936 2416 986 2452 ut
1004 2411 1173 2452 uidetur
1192 2426 1304 2452 man.
1329 2414 1363 2453 1.

90 2482 189 2518 ante
209 2487 272 2518 483
292 2477 354 2517 De
372 2477 601 2517 aeternitate
620 2476 766 2517 mundi
785 2485 886 2517 GLM.

90 2548 189 2584 ante
209 2553 272 2584 566
292 2542 354 2583 De
370 2542 580 2596 parallelis
600 2542 763 2583 circulis
782 2550 886 2583 GLM.

90 2613 188 2650 ante
209 2619 272 2650 539
293 2608 354 2648 De
375 2607 654 2662 mayrtitudine
672 2614 706 2648 et
724 2607 937 2649 latitudine
957 2609 1039 2660 (GL,
1060 2608 1273 2650 latitudine
1290 2616 1325 2650 et
1345 2610 1626 2665 maqnitudine

89 2676 140 2727 M)
161 2673 307 2715 mundi
326 2680 360 2714 et
379 2674 587 2727 signorum
606 2682 709 2714 GLM.

90 2744 190 2781 ante
230 2750 291 2781 561
329 2739 390 2780 De
420 2739 583 2780 circulis
613 2739 876 2780 caelestibus:
922 2739 969 2780 de
999 2740 1147 2782 coluris
1176 2749 1224 2790 M,
1257 2741 1319 2782 De
1349 2741 1496 2782 coluris
1526 2751 1552 2782 L
1583 2747 1626 2783 et

88 2820 200 2848 man.
219 2819 299 2847 rec.
318 2805 363 2846 in
379 2819 510 2861 marg.
529 2813 569 2854 G,
589 2805 662 2862 qui
679 2805 809 2846 etiam
826 2805 881 2848 ad
899 2807 976 2847 603
994 2806 1048 2848 ab
1067 2806 1149 2848 alia
1166 2821 1296 2849 manu
1318 2807 1459 2849 Coluri
1479 2808 1622 2851 habet.
