1855 3088
190 109 244 147 28
781 106 842 148 M.
875 105 1126 148 MANILII

349 223 392 260 et
410 217 523 273 rapit
541 218 636 273 igne
655 233 731 260 suo
750 218 1021 273 geminatque
1040 218 1233 260 incendia
1253 219 1364 260 solis.

349 308 433 348 qua
453 293 660 334 subdente
680 293 816 334 facem
835 293 956 335 terris
975 293 1198 348 radiosque
1217 298 1416 334 mouente

224 374 293 406 210
348 367 523 408 dimicat
541 367 585 408 in
605 367 762 409 cineres
781 367 893 408 orbis
913 367 1135 422 fatumque
1155 382 1399 422 supremum

348 441 535 492 sortitur,
557 442 812 497 languetque
832 441 917 483 suis
936 442 1162 496 Neptunus
1181 441 1225 482 in
1244 442 1381 491 undis,

348 520 392 557 et
409 515 555 557 uiridis
574 515 735 557 nemori
754 516 924 571 sanguis
943 516 1110 557 decedit
1129 521 1172 557 et
1191 515 1343 557 herbis,

348 594 501 631 cuncta
520 590 758 644 peregrinos
778 590 899 631 orbes
919 590 1118 631 animalia
1138 594 1348 645 quaerunt

348 669 477 719 atque
497 669 592 719 eget
610 664 783 706 alterius
802 665 986 706 mundus
1005 679 1013 714 3
1051 670 1205 706 natura
1224 664 1400 706 suismet

224 745 292 776 215
348 743 540 793 aegrotat
559 738 716 780 morbis
736 739 887 780 nimios
907 738 1076 780 obsessa
1095 754 1169 793 per
1189 743 1330 780 aestus

347 813 474 868 inque
493 827 593 868 rogo
612 813 722 855 uiuit
742 828 750 855 ε
787 818 935 855 tantus
954 828 1028 868 per
1047 813 1183 854 sidera
1203 813 1343 854 feruor

347 887 541 929 funditur
560 893 689 943 atque
709 902 794 929 uno
814 902 891 929 ceu
910 893 1010 929 sunt
1029 888 1073 929 in
1092 888 1265 929 flumine
1285 892 1452 929 cuncta.

186 1019 242 1056 μὲν
257 1019 367 1057 φωνὴν
377 1018 583 1056 τεθοωμένου,
601 1021 633 1049 ἐν
645 1019 717 1058 πυρὶ
730 1017 756 1049 δ’
769 1019 864 1056 ὄμμα,
880 1017 1024 1049 Ouidius
1037 1020 1118 1049 met.
1131 1026 1184 1049 VII
1197 1019 1258 1049 114
1269 1017 1311 1049 de
1321 1017 1430 1049 tauris
1441 1015 1721 1056 Colchicisfumi-

178 1069 319 1110 ficisque
349 1069 455 1100 locum
485 1069 665 1109 muyitibus
696 1068 928 1109 impleuerunt.
976 1069 1061 1100 haec
1091 1070 1120 1100 si
1150 1069 1205 1100 cui
1228 1079 1297 1100 non
1321 1067 1533 1100 uidebuntur
1556 1067 1721 1103 sufficere,

183 1120 330 1152 fortasse
346 1131 423 1152 eam
438 1130 556 1152 uersus
572 1121 779 1152 emendandi
794 1121 965 1152 rationem
980 1120 1144 1161 probabit
1159 1130 1229 1161 qua
1244 1121 1331 1151 inita
1347 1130 1438 1151 anno
1456 1120 1541 1151 1900
1556 1118 1721 1159 proposui

184 1172 328 1203 exoritur
359 1171 508 1213 lat<rans
539 1171 732 1214 spi>ratque
765 1171 932 1203 Canicula
957 1172 1117 1213 flammas
1209 1174 1273 1204 208
1304 1171 1394 1212 rapit
1427 1170 1507 1209 GL2,
1541 1169 1649 1210 rapiet
1681 1168 1719 1207 L,

184 1226 280 1264 rapet
306 1223 352 1255 M.
400 1223 583 1254 Caniculae
609 1224 697 1264 ignis
724 1224 839 1264 ignem
866 1223 947 1254 solis
975 1223 1021 1254 ad
1047 1233 1082 1254 se
1109 1224 1203 1264 rapit
1231 1226 1266 1254 et
1293 1223 1444 1254 uicissim
1472 1224 1585 1262 auget.
1634 1220 1721 1257 aliis,

186 1278 225 1307 ut
252 1275 459 1307 Columellae
485 1283 510 1305 x
535 1276 600 1306 400
626 1274 722 1306 canis
749 1275 911 1315 Eriqones
930 1275 1083 1315 flaqrans
1109 1274 1317 1314 Hyperionis
1343 1277 1446 1310 aestu,
1473 1273 1567 1304 sidus
1594 1282 1614 1303 a
1640 1271 1721 1308 sole,

184 1326 269 1363 aliis,
285 1330 325 1358 ut
340 1326 450 1357 Plinio
465 1326 534 1357 n.h.
551 1335 579 1357 Η
596 1327 658 1357 124
671 1325 751 1357 solis
765 1336 872 1366 uapor
885 1326 1072 1366 yeminatus
1086 1325 1200 1357 ardore
1213 1325 1343 1362 sideris,
1359 1325 1410 1356 sol
1424 1335 1444 1356 a
1458 1325 1567 1355 sidere
1582 1322 1723 1354 accendi

184 1377 391 1409 uidebatur:
423 1377 584 1408 Manilius
602 1381 790 1418 utrumque
807 1378 997 1409 coniunxit.
1046 1387 1262 1418 quamquam
1284 1377 1461 1418 ingeniosa
1484 1379 1537 1407 est
1560 1374 1723 1415 Scaligeri

184 1430 382 1461 coniectura
403 1429 523 1466 rabit,
549 1429 644 1470 quod
673 1429 819 1460 uerbum
849 1429 943 1460 canis
972 1430 1115 1470 imagini
1145 1429 1245 1469 (Hor.
1277 1429 1376 1469 epist.
1409 1437 1422 1458 1
1454 1429 1494 1459 10
1527 1428 1566 1458 16
1595 1425 1722 1457 rabiem

186 1481 291 1513 Canis
312 1484 340 1512 et
361 1484 524 1512 momenta
545 1480 680 1520 Leonis)
703 1484 739 1512 et
759 1481 904 1512 latratui
925 1481 1036 1521 (Varr.
1060 1491 1115 1521 ap.
1139 1480 1228 1512 Non.
1252 1491 1285 1521 p.
1309 1481 1351 1511 40
1372 1478 1453 1519 quid
1473 1478 1575 1510 latras
1590 1477 1606 1508 ,9
1641 1476 1722 1517 quid

183 1533 273 1564 rabis
287 1532 316 1572 ?)
337 1533 556 1573 aptissimum
576 1533 612 1563 in
631 1532 901 1573 frequentiorem
921 1542 1042 1563 uocem
1063 1535 1240 1563 mutatum
1260 1534 1313 1562 est
1332 1534 1368 1562 et
1388 1541 1490 1562 uersu
1510 1530 1575 1560 224
1594 1531 1630 1560 et
1650 1528 1718 1560 Cic.

185 1585 227 1615 de
243 1584 312 1615 diu.
330 1592 344 1614 Ι
360 1585 401 1615 66
417 1584 520 1624 (Enn.
538 1583 635 1614 Alex.
654 1586 694 1614 ut
710 1583 862 1623 uidetur)
878 1583 934 1614 sed
949 1583 1030 1623 quid
1044 1582 1149 1614 oculis
1164 1583 1274 1614 rabere
1290 1584 1419 1623 (rapere
1436 1581 1534 1613 codd.
1552 1580 1720 1621 plerique)

185 1635 263 1667 uisa
282 1646 315 1666 es
335 1635 503 1675 derepente
524 1634 714 1666 ardentibus
729 1634 745 1665 ?
835 1637 899 1668 209
920 1636 1081 1666 mouente
1102 1633 1140 1672 G,
1162 1636 1361 1665 mouentem
1381 1633 1444 1664 LM
1535 1634 1600 1665 210
1621 1631 1720 1662 dimi-

185 1687 287 1718 candi
312 1686 418 1718 uerbo
445 1686 539 1727 apud
564 1689 687 1727 poetas
712 1686 886 1717 rarissimo
917 1685 1078 1716 Manilius
1109 1688 1288 1726 praeterea
1313 1695 1384 1716 non
1410 1687 1463 1715 est
1489 1693 1581 1720 usus,
1609 1692 1721 1723 neque

184 1738 254 1769 ulla
269 1737 359 1769 orbis
374 1748 453 1769 cum
468 1736 631 1768 Canicula
646 1738 823 1768 dimicatio
837 1741 899 1768 est.
946 1737 1014 1768 illis
1022 1736 1135 1777 fatum
1148 1746 1342 1777 supremum
1355 1736 1500 1772 sortitur,
1516 1735 1559 1766 de
1573 1743 1722 1775 quorum

183 1790 357 1821 sententia
373 1789 418 1820 ad
434 1797 447 1819 Ι
465 1789 528 1820 895
545 1789 628 1826 dixi,
646 1789 820 1825 conuenit,
838 1789 933 1829 quod
948 1788 997 1819 ibi
1013 1789 1187 1829 proposui,
1213 1787 1377 1819 diuinat
1399 1787 1534 1823 cineres,
1570 1785 1635 1816 hoc
1669 1786 1722 1816 est

185 1843 362 1881 ἐκπύρωσιν
384 1841 540 1871 futuram
632 1842 694 1872 211
718 1848 761 1870 111
784 1840 844 1871 631
870 1839 1019 1880 tepidum
1038 1839 1177 1880 pelaqas
1197 1843 1335 1879 pacatas
1357 1838 1489 1878 lanquet
1511 1838 1549 1869 in
1567 1835 1677 1867 undas

275 1894 339 1925 212
366 1891 498 1923 nemori
527 1890 607 1929 GL2,
636 1891 786 1922 nemoris
814 1891 877 1922 LM
967 1890 1091 1922 uiridis
1119 1891 1259 1931 sanquis
1288 1891 1394 1922 uertit
1424 1889 1619 1930 Drydenus,
1649 1887 1722 1918 Tho

184 1943 299 1974 flower
316 1943 386 1974 and
403 1943 463 1974 the
481 1942 550 1973 leaf
569 1943 665 1979 8—ll‚
685 1941 767 1973 buds
785 1941 853 1973 that
870 1944 922 1982 yet
939 1941 990 1973 the
1007 1942 1090 1973 bia-st
1108 1940 1145 1982 of
1161 1942 1276 1973 Eurus
1287 1940 1364 1981 sear
1385 1938 1389 1983 Ι
1408 1939 1507 1972 stand
1524 1943 1557 1970 at
1575 1938 1626 1970 the
1643 1937 1722 1969 door

184 1994 222 2035 of
233 1994 302 2035 life,
320 1994 388 2025 and
404 1994 501 2025 doubt
518 1997 548 2024 to
564 1992 665 2024 clotke
680 1992 732 2024 the
747 2003 836 2033 year,
859 1991 863 2036 Ι
883 1993 935 2024 till
949 1993 1053 2033 yentle
1069 1992 1142 2024 beat
1158 1993 1227 2024 and
1242 1992 1306 2034 soft
1321 1991 1471 2032 repeated
1486 1991 1582 2022 rains
1603 1988 1607 2033 Ι
1627 1989 1722 2021 make

184 2045 235 2077 the
257 2056 372 2086 yreen
402 2044 514 2076 blood
542 2048 572 2076 to
598 2044 701 2076 dance
728 2044 845 2075 within
870 2043 953 2075 their
979 2044 1081 2076 veins.
1129 2044 1266 2076 Nemes.
1292 2054 1370 2085 cyn.
1395 2044 1438 2075 29
1462 2041 1631 2083 (Myrrha)
1656 2040 1721 2072 iuit

185 2096 223 2128 in
250 2097 400 2128 arboreas
421 2095 559 2136 frondes
586 2095 800 2136 animamque
826 2095 998 2133 uirentem,
1028 2095 1116 2126 Plin.
1145 2096 1216 2127 n.h.
1246 2103 1311 2126 XVI
1340 2096 1399 2126 181
1429 2104 1525 2125 umor
1551 2097 1580 2124 et
1606 2091 1720 2124 cortici

184 2148 338 2180 arborum
363 2151 419 2185 est,
446 2147 505 2188 qui
529 2146 669 2187 sanquis
694 2157 808 2178 earum
835 2146 979 2187 intellegi
1003 2146 1102 2183 debet,
1132 2147 1216 2184 183;
1256 2157 1339 2178 nam
1364 2146 1465 2177 aliter
1490 2143 1721 2177 Callimachus

185 2202 299 2231 ἐλαίασ
317 2201 395 2238 αἷμα
412 2199 512 2235 dixit,
531 2199 559 2229 si
576 2201 696 2229 tamen
713 2198 814 2235 dixit,
832 2198 917 2239 frag.
938 2198 1002 2229 527
1020 2197 1192 2235 Schneid„
1211 2197 1317 2229 schol.
1336 2197 1369 2229 N
1371 2196 1482 2228 icand.
1502 2196 1589 2227 alex.
1611 2196 1651 2226 87

275 2253 338 2283 214
358 2258 372 2281 Ι
392 2251 456 2281 423
477 2249 564 2290 equit
587 2250 669 2281 Ioue
692 2249 848 2290 Iuppiter
868 2249 940 2289 ipse
1032 2250 1185 2282 214—216
1204 2257 1219 2279 1
1239 2249 1347 2280 893-5
1367 2251 1523 2280 cometae
1543 2246 1638 2278 terris
1656 2270 1663 2277 .
1683 2269 1690 2277 .
1710 2269 1718 2276 .

184 2302 358 2333 minantur
379 2300 383 2345 Ι
403 2301 548 2333 ardentis
568 2301 641 2332 sine
654 2300 727 2342 fine
746 2311 850 2341 royos,
871 2311 947 2332 curn
967 2300 1113 2332 mundus
1133 2303 1161 2332 et
1182 2300 1259 2341 ipsa
1280 2298 1285 2343 Ι
1305 2303 1441 2340 aeqrotet
1461 2303 1593 2336 natura,
1615 2297 1719 2329 homi-

185 2364 267 2385 num
297 2353 413 2385 sortita
442 2352 632 2392 sepulcrum
732 2354 796 2385 216
832 2352 922 2383 uiuit
958 2352 1018 2383 illa
1051 2352 1191 2393 quidem
1225 2352 1285 2382 sed
1318 2354 1501 2392 tamquam
1531 2350 1567 2381 in
1597 2358 1720 2390 rogum

182 2404 281 2436 illata
381 2405 445 2437 217
464 2403 611 2444 flumine
641 2403 707 2434 sibi
733 2403 918 2434 defendere
942 2403 1110 2434 uidentur
1136 2403 1301 2434 Barthius
1325 2402 1404 2434 adu.
1432 2413 1466 2443 p.
1495 2402 1559 2433 207
1585 2404 1622 2432 et
1653 2400 1718 2431 Ed.

185 2456 368 2487 Muellerus
384 2455 503 2496 philol.
523 2465 577 2486 an.
600 2455 684 2486 1903
700 2465 758 2496 pp.
778 2455 819 2486 69
836 2465 886 2496 sq.
906 2465 985 2486 cum
1004 2454 1233 2495 Aeschyleum
1251 2456 1388 2492 ποταμοὶ
1407 2455 1508 2495 πυρόσ
1525 2452 1719 2492 similiaque

184 2507 358 2543 adferunt,
382 2506 419 2537 in
439 2505 565 2546 quibus
591 2505 627 2537 id
657 2506 772 2546 ipsum
801 2506 901 2537 adest
929 2506 1024 2546 quod
1056 2506 1139 2546 quia
1171 2505 1226 2537 hic
1256 2505 1472 2536 desideratur
1500 2502 1651 2544 Scaliger
1673 2502 1719 2533 ad

184 2558 463 2589 emendationem
479 2557 675 2588 decucurrit
691 2557 900 2597 scripsitque
925 2557 1053 2588 lumine
1132 2567 1200 2588 uno
1220 2567 1279 2588 ceu
1298 2560 1376 2587 sunt
1397 2556 1435 2587 in
1455 2555 1582 2587 lumine
1601 2557 1719 2586 cuneta

185 2608 372 2650 Pingraeus
381 2609 432 2640 ita
442 2611 581 2639 enarrat
591 2611 631 2639 ut
641 2618 709 2645 ceu,
721 2608 1017 2648 quemadmodum
1027 2608 1125 2649 quasi
1135 2612 1170 2640 et
1180 2608 1270 2639 uelut
1280 2607 1471 2649 particulae
1481 2607 1526 2637 ad
1536 2606 1719 2637 audaciam

182 2660 268 2692 dicti
279 2660 475 2691 leniendam
491 2658 669 2690 adhibitae
684 2659 860 2691 interdum
877 2670 946 2691 non
963 2659 1008 2690 ad
1021 2663 1152 2691 certam
1165 2658 1319 2700 aliquam
1332 2658 1498 2690 orationis
1510 2661 1646 2699 partem
1659 2655 1719 2687 sed

183 2712 229 2743 ad
251 2715 368 2743 totum
391 2711 613 2742 enuntiatum
636 2711 813 2752 pertinent
836 2711 931 2751 (uide
952 2720 981 2742 11
1006 2712 1068 2743 128
1090 2711 1191 2748 uelut,
1214 2711 1314 2742 Lucr.
1336 2719 1360 2741 v
1381 2711 1445 2742 359
1468 2720 1518 2751 sq.
1541 2709 1636 2741 nulla
1656 2707 1719 2739 loci

174 2763 218 2804 fit
245 2763 343 2804 copia
371 2762 496 2794 circum
517 2759 521 2805 Ι
540 2772 603 2802 quo
631 2762 730 2802 quasi
757 2772 808 2793 reas
834 2762 967 2802 possint
995 2762 1156 2794 discedere
1184 2762 1398 2803 dissoluique,
1427 2762 1507 2793 Tac.
1538 2770 1618 2791 ann.
1649 2768 1720 2790 xm

185 2816 226 2847 14
256 2815 270 2846 1
302 2814 417 2846 Pallas
443 2813 534 2845 uelut
561 2812 737 2845 arbitrium
764 2813 858 2854 reqni
885 2813 1022 2854 aqebat),
1051 2817 1151 2846 extra
1179 2813 1472 2846 constructionem
1499 2812 1653 2853 positum
1680 2810 1716 2842 id
