1855 3088
580 134 770 176 LIBRO
803 134 867 175 IV
899 134 1205 175 ADDENDA
1580 137 1659 173 155

127 254 193 291 pp.
232 243 302 279 190
337 255 395 293 sq.
420 242 533 280 there
567 241 599 280 is
635 255 658 280 a
692 241 855 292 slightly
889 241 1094 292 diverging
1128 241 1195 280 list
1228 241 1268 280 of
1301 244 1430 290 μοῖραι
1462 241 1660 278 σινωτικαὶ

125 301 350 351 ὀφθαλμῶν.

202 377 241 414 p.
268 364 325 402 xii
349 378 416 403 uu.
443 365 631 403 744-817.
687 364 781 404 Luc.
807 377 867 404 VH
892 366 965 404 425
991 365 1111 403 schol.
1139 365 1256 404 Bern.
1283 365 1426 403 scimus
1446 396 1453 403 .
1476 396 1483 403 .
1506 365 1658 403 ,sidera

128 455 135 463 .
157 455 164 463 .
186 456 193 464 .
202 425 290 475 fixa
309 439 386 464 non
405 426 486 465 nisi
504 432 623 465 certas
640 427 869 477 prouincias
888 426 1030 473 uidere,
1051 439 1147 477 quae
1165 426 1235 465 sub
1254 427 1354 478 ipsis
1374 432 1475 465 sunt.

618 625 731 652 BOOK
761 626 827 652 va
868 625 1161 652 COMMENTARY

166 700 186 731 6
209 697 297 730 Plab.
322 697 406 740 legg.
431 708 464 740 p.
490 699 577 730 736Ε
601 700 712 729 πενίαν
736 700 934 739 ἡγουμένουσ
959 701 1037 730 εἶναι
1059 701 1103 738 μὴ
1127 701 1164 731 τὸ
1186 701 1244 738 τὴν
1273 701 1382 731 οὐσίαν
1407 700 1533 730 ἐλάττω
1556 701 1655 731 ποιεῖν

123 750 210 781 ἀλλὰ
226 751 262 781 τὸ
277 751 336 788 τὴν
353 751 536 787 ἀπληστίαν
554 752 664 781 πλείω.

168 802 208 833 13
231 800 372 832 Lucano
389 801 482 841 prior
498 800 677 832 Lucretius
695 809 733 832 VI
752 802 835 833 1140
853 801 1005 832 exhausit
1021 801 1153 833 ciuibus
1170 801 1291 833 urbem.

167 853 209 885 16
231 851 321 883 adde
348 851 449 893 Gorg.
478 851 608 884 Palam.
637 854 651 884 1
683 853 819 884 θάνατον
846 854 904 891 μὲν
929 855 993 893 ’γὰρ
1020 854 1038 891 ὴ
1067 856 1165 892 φύσισ
1192 853 1314 893 φανερᾷ
1338 857 1380 893 τῇ
1405 855 1502 893 ψήφῳ
1526 854 1654 884 πάντων

120 905 366 943 κατεψηφίσατο
397 906 458 934 τῶν
492 905 613 942 θνητῶν
646 903 727 944 ᾗπερ
758 905 856 944 ἡμέρᾳ
888 906 1027 943 ἐγένετο,
1056 904 1152 935 Varr.
1184 915 1238 946 ap.
1268 905 1357 936 Non.
1388 916 1445 946 pp.
1479 907 1498 936 5
1527 907 1563 936 et
1593 906 1654 936 157

121 953 286 996 (Menipp.
311 954 438 986 Buech.
461 955 540 994 222)
561 958 695 995 propter
715 965 837 986 cunam
857 955 1016 995 capulum
1034 956 1183 996 positum
1199 954 1202 999 Ι
1217 956 1332 987 nutrix
1354 956 1454 988 tradit
1474 955 1653 996 pollictori,

120 1005 196 1037 Sen.
215 1016 304 1037 suas.
323 1014 351 1036 11
367 1006 387 1036 2
403 1009 526 1037 statuta
541 1030 547 1037 .
565 1030 572 1037 .
590 1030 597 1037 .
612 1006 822 1038 nascentibus
839 1007 876 1038 in
885 1006 991 1047 finem
1007 1007 1097 1038 uitae
1113 1007 1183 1038 dies
1199 1011 1254 1039 est.

166 1059 207 1090 17
229 1060 303 1088 ortu
322 1057 467 1088 Breiteri
487 1057 737 1098 typothetaeue
757 1058 829 1089 eius
848 1068 997 1089 errorem
1017 1061 1057 1089 ut
1077 1058 1206 1090 multos
1225 1058 1310 1090 alios
1330 1059 1511 1100 exscripsit
1531 1058 1651 1100 Wage-

118 1107 296 1149 ningenus,
309 1108 415 1139 etiam
426 1108 675 1149 interpretatus
686 1112 738 1140 est
749 1109 809 1150 qui
819 1109 1001 1140 fallacibus
1013 1109 1210 1142 hominibus
1222 1119 1328 1150 quam
1340 1110 1424 1142 mihi
1435 1113 1470 1142 et
1483 1110 1653 1142 Becherto

120 1159 255 1191 credere
272 1159 396 1191 maluit
412 1159 601 1191 Gundelius
616 1159 734 1201 philol.
752 1168 869 1190 LXXXI
887 1170 920 1201 p.
941 1161 1016 1192 325.

165 1212 206 1243 18
229 1210 346 1242 creatis
372 1211 595 1252 participium
622 1221 705 1248 esse,
733 1214 774 1242 ut
801 1211 904 1242 Hom.
930 1211 970 1242 Il.
1001 1220 1052 1242 xx
1081 1213 1144 1244 128
1170 1214 1352 1252 γεινομένῳ,
1377 1212 1652 1254 Wageningenus

118 1261 225 1294 etiam
240 1264 320 1303 post
335 1261 462 1293 lectam
478 1262 742 1294 adnotationem
758 1272 872 1294 meam
887 1263 1080 1303 ignorabat.

165 1315 205 1346 19
228 1312 401 1344 claudibus
420 1323 483 1354 pro
502 1312 658 1344 laudibus
676 1313 754 1345 libri
774 1313 970 1345 Lucretiani
991 1323 1013 1345 v
1034 1315 1128 1346 1280.
1177 1318 1331 1346 ceterum
1350 1314 1439 1347 adde
1459 1315 1525 1347 Cic.
1548 1315 1648 1347 Tusc.

118 1372 155 1395 IV
174 1365 213 1396 17
230 1367 266 1395 ut
282 1367 310 1396 et
327 1364 364 1395 in
380 1363 496 1396 laude
512 1364 594 1396 etin
610 1364 713 1396 uitio
729 1364 787 1396 hoc
803 1375 923 1396 nornen
937 1365 990 1396 sit.

163 1417 204 1448 39
227 1425 277 1456 sq.
295 1415 411 1447 Sidon.
429 1425 533 1447 carm.
550 1424 573 1447 v
590 1417 630 1448 85
646 1426 696 1457 sq.
714 1426 763 1448 rne
780 1416 960 1457 (Africam)
976 1426 1101 1457 quoque
1116 1440 1122 1449 .
1140 1440 1147 1448 .
1165 1441 1172 1448 .
1188 1420 1261 1457 post
1280 1416 1435 1449 Trebiam
1450 1417 1649 1458 Cannasque

116 1465 230 1498 domas
246 1467 398 1507 (Roma).

162 1519 204 1551 42
230 1517 237 1530 ‘
251 1518 311 1550 the
326 1518 481 1550 variants
495 1517 544 1550 rei
557 1518 627 1550 and
640 1518 708 1559 reqi
723 1518 824 1550 could
838 1519 927 1550 have
943 1518 1028 1551 been
1041 1519 1096 1551 far
1110 1529 1204 1551 more
1217 1519 1412 1561 effectively
1427 1519 1625 1552 illustrated
1639 1519 1647 1532 '

117 1568 291 1601 Garrodus
310 1569 345 1600 in
364 1569 524 1601 Classical
544 1569 684 1601 Review
703 1580 757 1601 an.
782 1571 861 1601 1921
884 1580 917 1611 p.
938 1571 992 1608 40,
1012 1570 1107 1611 quod
1124 1571 1197 1612 ipse
1215 1571 1328 1603 facere
1346 1574 1492 1603 conatus
1512 1571 1648 1603 diuersa

115 1620 283 1652 confudit.
331 1630 393 1661 ego
424 1620 510 1652 nihil
542 1621 655 1652 minus
687 1621 864 1652 uolueram
896 1631 1003 1662 quam
1035 1621 1191 1663 uulgaria
1222 1623 1310 1653 uitia
1341 1622 1513 1654 illustrare
1529 1634 1536 1654 :
1581 1622 1649 1654 illis

114 1671 307 1703 scribebam
335 1672 394 1712 qui
423 1672 613 1712 quaesituri
641 1675 751 1710 erant,
781 1672 886 1713 quod,
916 1673 944 1704 si
973 1673 1191 1714 ignorabant,
1222 1673 1408 1710 debebant,
1439 1683 1526 1705 num
1554 1673 1644 1705 forte

115 1722 394 1755 emendationem
411 1723 600 1764 temptanti
617 1723 696 1755 inde
714 1723 955 1755 adiumentum
972 1725 1045 1765 peti
1062 1727 1179 1766 posset
1196 1724 1291 1765 quod
1308 1725 1440 1757 scribae
1457 1725 1502 1756 ad
1519 1735 1538 1765 q
1555 1725 1647 1756 inter

115 1773 252 1806 uocales
264 1774 463 1806 addendum
475 1784 581 1816 quam
593 1774 639 1806 ad
651 1774 860 1807 demendum
872 1776 1048 1817 proniores
1062 1776 1219 1808 minusue
1232 1776 1332 1818 proni
1344 1778 1459 1808 essent
1473 1788 1481 1814 ;
1508 1775 1648 1817 qualem

114 1835 211 1867 spem
227 1825 467 1867 deponendam
483 1836 555 1857 esse
571 1825 771 1867 significaui.

159 1878 201 1909 43
224 1876 344 1908 bellum
372 1876 530 1909 Italicum
555 1879 638 1909 ante
664 1876 831 1909 Velleium
857 1877 1048 1919 appellauit
1074 1878 1220 1920 scriptor
1246 1878 1291 1910 ad
1317 1878 1467 1910 Herenn.
1497 1887 1540 1910 111
1565 1879 1585 1910 2
1613 1879 1646 1916 2,

114 1927 199 1959 item
216 1927 341 1959 Cicero.

160 1981 202 2012 44
224 1978 320 2020 lege:
353 1978 447 2011 adice
467 1981 500 2011 et
519 1979 592 2011 cod.
615 1979 780 2017 Cusanus,
801 1980 895 2021 quod
914 1980 1062 2012 uoluisse
1082 1980 1221 2012 uidetur
1239 1990 1331 2013 man.
1352 1992 1417 2013 rec.
1439 1981 1475 2013 in
1493 1980 1530 2019 L,
1551 1980 1646 2013 adice

114 2029 216 2069 GLM,
233 2031 267 2062 et
282 2029 376 2062 adice
392 2030 442 2062 11²·

158 2083 200 2115 45
222 2081 322 2122 longe
342 2080 442 2113 aliter
461 2081 550 2113 Flor.
574 2091 587 2113 1
606 2083 648 2113 24
671 2084 710 2114 13
731 2092 771 2114 ne
791 2082 856 2114 sibi
874 2082 1028 2123 placeant
1047 2083 1196 2115 Athenae
1214 2093 1224 2114 .·
1257 2083 1295 2115 in
1315 2083 1478 2115 Antiocho
1498 2083 1645 2116 uicimus

115 2131 249 2164 Xerxen
265 2132 453 2173 (Romani).

157 2186 198 2217 53
221 2193 296 2215 curn
312 2183 382 2215 iarn
394 2183 502 2215 etiarn.
542 2184 607 2216 hoc
620 2183 694 2216 loco
707 2184 780 2216 solo
792 2184 953 2217 Manilius
966 2185 1244 2227 monosyllabum
1257 2189 1422 2227 sequente
1436 2186 1531 2218 breui
1543 2186 1643 2218 elisit.

156 2237 198 2268 64
220 2235 294 2276 lege
312 2239 320 2252 ⁶
332 2243 360 2266 11
377 2237 443 2267 224
459 2235 523 2276 sq.'

158 2287 200 2319 68
223 2286 313 2318 Stat.
329 2286 435 2318 Theb.
454 2295 477 2318 v
494 2287 557 2318 685
582 2286 727 2327 templa
758 2287 854 2319 Iouis
869 2311 876 2319 .
894 2312 900 2319 .
919 2287 1043 2329 ,ferat
1072 2288 1201 2328 impius
1229 2288 1350 2329 iqnis.

157 2339 198 2370 69
221 2347 271 2378 sq.
289 2337 331 2369 de
346 2341 462 2369 mortes
484 2336 488 2381 Ι
507 2348 541 2369 se
556 2362 562 2370 .
581 2362 588 2369 .
605 2362 612 2370 .
630 2338 723 2378 ipsae
738 2363 745 2370 .
763 2363 769 2370 .
788 2363 794 2370 .
805 2338 945 2380 suffiunt
960 2339 1038 2371 uide
1054 2348 1082 2371 11
1099 2341 1160 2371 127
1176 2349 1225 2381 sq.
1243 2339 1406 2372 mundum
1421 2364 1428 2372 .
1445 2364 1452 2372 .
1470 2363 1478 2372 .
1494 2340 1532 2372 in
1546 2343 1643 2372 semel

110 2391 254 2429 captum.

156 2441 198 2473 72
222 2439 302 2478 illis,
321 2450 409 2481 quos
433 2439 541 2472 dulcis
564 2441 659 2472 uitae
679 2441 825 2473 exsortis
848 2444 884 2473 et
907 2441 951 2473 ab
975 2441 1079 2473 ubere
1101 2444 1220 2483 raptos
1243 2442 1390 2474 abstulit
1412 2445 1490 2474 atra
1513 2442 1585 2475 dies
1608 2446 1644 2475 et

111 2490 230 2522 funere
249 2491 367 2523 mersit
385 2491 519 2523 acerbo.
566 2491 639 2533 lege
657 2502 748 2524 nunc
768 2492 961 2524 Breiterum
979 2496 1014 2524 et
1032 2493 1336 2535 Wageningenum.

156 2543 199 2575 '76
223 2541 339 2580 Quint.
359 2542 439 2574 inst.
459 2551 487 2573 Π
506 2543 546 2574 16
564 2543 584 2574 6
601 2542 688 2574 cibos
705 2553 919 2583 aspernemur
938 2553 948 2575 .·
979 2543 1158 2576 attulerunt
1174 2555 1271 2585 saepe
1288 2544 1493 2578 ualetudinis
1510 2555 1640 2583 causas,

111 2592 188 2625 Sen.
207 2592 283 2625 ben.
302 2601 330 2625 Π
348 2594 388 2625 19
406 2595 425 2625 8
441 2603 606 2625 uenenum
622 2594 802 2634 aliquando
816 2604 878 2634 pro
893 2595 1034 2626 remedio
1044 2594 1125 2636 fuit.

156 2646 197 2677 89
221 2644 353 2684 excipit,
376 2645 503 2685 accipit
524 2648 706 2685 tamquam
728 2646 800 2676 iure
822 2646 1044 2677 successionis
1066 2646 1224 2684 traditos,
1248 2647 1327 2679 Tac.
1353 2647 1465 2679 Germ.
1490 2649 1532 2679 32
1556 2647 1640 2679 inter

105 2693 279 2736 familiam
298 2699 326 2726 et
344 2698 481 2735 penates
500 2699 529 2727 et
549 2696 626 2727 iura
645 2696 889 2727 successionum
909 2697 984 2737 equi
1004 2697 1179 2729 traduntur
1194 2708 1206 2735 ,·
1238 2699 1360 2738 excipit
1373 2698 1482 2739 filius,
1504 2709 1582 2736 non,
1604 2702 1640 2730 ut

109 2748 222 2782 cetera,
240 2746 407 2777 maximus
423 2749 516 2784 natu,
533 2746 589 2778 sed
602 2750 701 2786 prout
711 2746 807 2788 ferox
822 2747 901 2779 bello
918 2751 946 2779 et
962 2748 1084 2780 mel-tor.

157 2799 199 2829 96
221 2796 315 2828 haud
343 2797 413 2828 scio
438 2808 482 2828 an
509 2807 578 2828 non
603 2800 696 2830 recte
721 2808 841 2831 causas
865 2799 1019 2832 merentis
1044 2800 1291 2838 coniunxerim,
1317 2810 1399 2832 nam
1424 2803 1460 2832 et
1484 2804 1642 2832 ‘merentes

111 2847 273 2880 usitat-ius
293 2848 449 2880 homines
468 2857 575 2889 quam
594 2859 717 2881 causae
737 2850 900 2882 dicuntur
919 2853 955 2882 et
973 2851 1144 2893 probandi
1164 2851 1309 2883 uerbum
1329 2862 1369 2883 ea
1388 2850 1640 2893 significatione
