1855 3088
590 114 1072 157 ASTRONOMICON
1102 114 1144 156 V
1576 117 1599 155 3
1608 117 1626 153 1

143 235 210 267 235
266 228 408 269 Crater
428 227 586 269 auratis
606 227 738 282 surgit
757 228 944 269 caelatus
963 227 1016 269 ab
1037 227 1172 268 astris.

265 301 362 342 inde
381 301 514 342 trahit
534 301 787 356 quicumque
806 316 935 356 genus
954 316 1184 356 moresque,
1207 305 1405 356 sequetur

265 375 448 430 inriguos
466 375 572 416 ruris
592 390 762 430 campos
782 390 1008 430 amnesque
1028 376 1237 430 lacusque,

266 454 309 490 et
328 454 383 498 te,
406 449 581 499 Bacche,
604 454 700 490 tuas
719 449 950 490 nubentem
969 449 1113 504 iunget
1132 450 1186 490 ad
1206 449 1354 498 ulmos,

266 523 513 578 disponetue
532 523 638 577 iugis
657 523 849 564 imitatus
868 523 1015 564 fronde
1035 523 1217 572 choreas,

142 604 210 635 240
264 597 410 638 robore
429 597 496 638 uel
515 597 683 652 proprio
703 597 904 638 fidentem
922 597 966 638 in
986 596 1180 638 bracchia
1200 597 1327 637 ducet

106 723 198 754 Vett.
217 722 292 754 Val.
309 733 342 763 p.
361 723 381 754 9
397 723 450 759 28,
468 722 528 754 ubi
543 725 623 763 post
631 722 754 762 ’Ὕδρασ
768 722 949 754 inserenda
965 725 1047 754 sunt
1062 724 1156 762 μέχρι
1177 724 1233 753 τοῦ
1257 724 1428 762 Κρατῆροσ
1446 732 1489 752 ex
1505 732 1538 762 p.
1557 722 1596 752 10
1614 722 1628 752 1

194 776 258 807 234
280 775 355 805 orta
376 773 412 804 M
435 774 508 805 cod.
534 774 697 810 Venetus,
722 782 782 805 ora
805 773 870 811 GL,
894 784 946 804 ore
971 774 1044 804 cod.
1070 773 1235 810 Cusanus,
1259 774 1331 804 orbe
1355 773 1526 813 Scaliger;
1562 775 1633 803 orta

104 825 234 866 primus
257 825 386 866 recepit
409 824 556 856 Iacobus
647 827 710 858 235
734 826 844 856 crater
866 824 1025 865 Scaliger,
1044 826 1218 865 craterque
1234 825 1304 855 iam
1322 824 1631 865 Regiomontanu8‚

105 877 216 908 cetera
234 875 281 913 M,
301 877 477 917 ceteraque
497 874 551 907 GL
571 876 672 907 metri
692 886 805 912 causa,
826 877 964 916 ceteque
983 875 1058 907 cod.
1080 876 1241 907 Venetus..
1289 879 1418 912 cratera,
1439 875 1533 915 quod
1553 883 1632 905 cum

104 926 192 957 falso
230 926 384 958 Loewius
422 927 616 958 Matritensi
655 926 871 958 attribuisset
910 927 1184 967 Wageningenus
1222 927 1346 967 spretis
1384 925 1633 967 photographis

104 978 243 1019 recepit,
264 979 292 1009 si
310 978 474 1009 Latinum
493 981 582 1009 esset
601 979 752 1015 omnino,
772 978 903 1018 generis
922 981 1011 1009 esset
1030 978 1197 1014 feminini,
1218 981 1257 1008 ut
1275 981 1400 1009 cratera
1418 981 1453 1008 et
1472 980 1631 1012 creterra3

105 1029 165 1060 sed
186 1039 274 1069 quae
293 1028 385 1060 illius
406 1029 537 1060 formae
558 1029 594 1059 in
615 1029 725 1060 lexica
746 1029 855 1060 relata
877 1032 959 1060 sunt
980 1029 1139 1069 exempla
1161 1032 1222 1060 aut
1245 1030 1402 1060 codicum
1424 1028 1632 1060 auctoritate

104 1090 174 1111 non
187 1090 311 1120 magna
324 1080 473 1120 (etiamsi
486 1080 660 1111 addantur
671 1079 749 1111 libri
763 1080 828 1111 Cic.
843 1080 913 1111 n.d.
929 1089 956 1110 ΙΙ
972 1081 1046 1119 114)
1061 1084 1122 1111 aut
1134 1080 1207 1111 sola
1220 1081 1416 1111 coniectura
1428 1080 1588 1111 nituntur

196 1131 346 1162 caelatus
362 1131 408 1169 M,
426 1131 554 1162 celatus
571 1130 635 1162 GL.
683 1131 804 1162 stellae
821 1141 904 1162 auro
921 1141 983 1162 suo
999 1132 1135 1171 signum
1155 1131 1378 1162 caelauerunt
1393 1143 1400 1162 t
1432 1131 1531 1163 Ouid.
1550 1130 1630 1161 fast.

103 1190 132 1212 11
154 1182 195 1212 79
216 1182 377 1213 caelatum
397 1181 499 1213 stellis
523 1181 693 1222 Delphina
804 1184 956 1215 236-250
977 1182 1062 1213 facit
1085 1182 1203 1213 Crater
1224 1183 1310 1213 ruris
1331 1182 1449 1223 irrigui
1471 1181 1630 1217 cultores,

105 1233 230 1264 uitium
266 1236 407 1269 satores,
445 1236 632 1274 potatores,
671 1233 891 1270 decumanos,
930 1234 1050 1264 mercis
1087 1234 1268 1274 aquaticae
1305 1237 1477 1275 emptores
1569 1233 1633 1265 236

103 1285 261 1325 sequetur
290 1283 449 1325 Scaliger,
480 1286 663 1325 sequentur
691 1283 770 1315 libri
799 1287 940 1325 propter
969 1295 1082 1315 mores.
1130 1288 1289 1325 sequetur,
1320 1295 1360 1316 eo
1390 1295 1426 1316 se
1456 1283 1631 1315 conferet:

104 1335 182 1366 uide
200 1335 245 1366 ad
261 1343 299 1366 IV
317 1336 380 1366 880
471 1338 534 1368 237
550 1335 640 1366 ruris
660 1335 835 1366 Bentleius
852 1336 888 1366 in
905 1336 992 1366 riui-s
1010 1336 1173 1372 mutauit,
1192 1339 1374 1376 tamquam
1392 1336 1420 1366 si
1436 1336 1500 1366 hoc
1519 1335 1632 1365 minus

104 1385 268 1417 abundet.
316 1386 414 1427 Verg.
438 1396 549 1427 georg.
574 1395 603 1417 ΙΙ
623 1387 687 1417 485
709 1397 789 1417 rura
811 1386 896 1417 mihi
916 1390 943 1417 et
964 1386 1055 1426 riqui
1073 1387 1226 1426 placeant
1248 1387 1286 1418 in
1307 1387 1453 1418 uallibus
1474 1396 1588 1417 amnes

193 1439 345 1470 238-242
367 1441 434 1468 tres
456 1437 537 1468 uitis
559 1436 672 1468 cultus
695 1440 953 1474 commemorat,
978 1437 1172 1474 maritatae,
1195 1438 1344 1478 iugatae,
1368 1448 1428 1479 per
1449 1448 1484 1468 se
1506 1437 1632 1468 stantis

193 1490 256 1521 238
278 1490 312 1520 et
332 1490 366 1520 te
389 1487 454 1526 GL,
471 1497 547 1520 ecce
569 1488 605 1519 M
694 1490 771 1520 tuas
794 1488 840 1526 M,
857 1490 934 1520 tuos
958 1488 1022 1520 GL.
1070 1488 1159 1520 ulmo
1183 1489 1304 1520 marita
1326 1489 1516 1530 Appuleius
1539 1487 1631 1529 apol.

104 1539 145 1570 88
171 1539 270 1576 dixit,
297 1539 386 1570 ulmo
412 1540 529 1571 marito
556 1538 731 1570 Catullum
758 1540 799 1570 62
827 1540 868 1570 52
894 1550 963 1571 non
994 1540 1120 1571 dixisse
1150 1540 1249 1571 testis
1280 1543 1333 1571 est
1363 1541 1516 1581 optimus
1546 1539 1632 1570 liber

103 1589 296 1622 Thuaneus.
344 1601 450 1631 genus
481 1601 560 1622 cum
591 1601 674 1622 sexu
706 1591 957 1622 confundentes
989 1590 1129 1622 Ellisius
1160 1595 1252 1622 noct.
1286 1591 1377 1622 Man.
1411 1602 1443 1632 p.
1480 1592 1541 1622 175
1597 1594 1632 1621 et

104 1640 277 1672 Breiterus
292 1641 426 1682 uulgari
441 1641 566 1673 mendo
582 1642 791 1682 patrocinati
807 1645 899 1677 sunt,
917 1642 1012 1673 cuius
1028 1642 1186 1683 exempla
1202 1645 1338 1683 praeter
1354 1642 1480 1673 Catulli
1495 1652 1633 1673 uersum

103 1691 259 1724 adscribo
285 1692 385 1733 Prop.
412 1701 441 1723 11
466 1693 506 1723 16
533 1693 573 1724 18
597 1693 671 1733 ipso
689 1717 695 1723 .
716 1717 722 1723 .
743 1717 749 1723 .
772 1692 870 1733 Tyro,
898 1693 988 1724 Ouid
1011 1693 1081 1725 her.
1108 1702 1146 1724 IV
1171 1694 1212 1724 66
1237 1697 1345 1724 nostro
1371 1693 1453 1733 (E).
1474 1718 1480 1724 .
1501 1718 1507 1724 .
1526 1692 1631 1730 domo,

103 1742 184 1774 Luc.
211 1751 249 1774 1v
274 1744 338 1774 422
363 1743 509 1783 obliquos
534 1743 620 1783 (U).
640 1768 647 1774 .
667 1768 674 1774 .
693 1743 798 1780 alnos,
825 1743 901 1775 Val.
927 1743 979 1774 Fl.
1006 1752 1045 1774 vr
1068 1745 1110 1775 40
1138 1744 1285 1783 qeminos
1310 1744 1427 1775 Arctos
1516 1743 1634 1784 iunget

102 1792 138 1824 M
157 1794 246 1825 sicut
265 1795 456 1825 coniecerat
475 1793 635 1835 Scaliger,
654 1793 765 1835 iungit
783 1793 837 1825 GL
929 1797 992 1828 239
1011 1804 1054 1826 ue
1073 1794 1120 1832 M,
1140 1804 1205 1835 que
1224 1793 1278 1826 GL
1297 1798 1333 1826 et
1352 1796 1398 1826 rei
1418 1796 1632 1836 ignoratione

102 1845 163 1884 qui
182 1845 265 1876 meis
284 1845 498 1886 temporibus
517 1845 698 1876 Manilium
717 1845 900 1876 ediderunt
989 1846 1078 1885 iuqis
1098 1846 1182 1886 quid
1202 1849 1290 1877 esset
1310 1857 1388 1877 cum
1407 1846 1633 1878 intellexisset

104 1895 263 1937 Scaliger,
279 1907 357 1927 cum
374 1896 539 1937 Pingraeo
555 1906 666 1927 errare
682 1896 890 1933 maluerunt,
906 1897 966 1937 qui
981 1907 1042 1927 nec
1058 1897 1105 1927 rei
1120 1897 1268 1928 rusticae
1283 1898 1464 1938 scriptores
1479 1897 1633 1939 legerant

102 1957 164 1978 nec
190 1948 310 1978 uineae
335 1948 473 1988 iugatae
498 1957 624 1978 nomen
648 1947 754 1979 fando
780 1948 972 1984 audierant,
1000 1948 1174 1979 Breiterus
1199 1952 1234 1980 et
1260 1948 1544 1989 Wageningenus.
1592 1960 1633 1981 ea

104 1998 146 2028 de
163 2008 198 2029 re
215 1999 323 2030 Varro
339 2009 394 2030 r.r.
414 2007 428 2029 Ι
445 2000 464 2030 8
483 2000 497 2029 1
517 2009 566 2039 sq.
586 1997 680 2039 refert
698 2023 704 2029 .
725 2023 731 2029 .
752 2024 758 2030 .
776 1999 862 2039 quod
877 2009 980 2038 genus
996 1999 1116 2030 uineae
1132 2000 1175 2030 sit
1194 2024 1200 2030 .
1222 2024 1228 2030 .
1249 2024 1255 2030 .
1275 2000 1362 2031 aliae
1381 2001 1471 2031 enim
1491 1999 1632 2032 humiles

103 2059 140 2080 ac
161 2049 234 2081 sine
256 2050 372 2081 ridicis
394 2050 499 2090 (Man.
524 2051 602 2089 240)
621 2074 627 2081 .
648 2074 654 2081 .
675 2074 681 2080 .
701 2049 788 2081 aliae
809 2050 975 2087 sublimes,
999 2054 1035 2081 ut
1055 2061 1137 2090 quae
1160 2051 1372 2090 appellantur
1394 2052 1571 2091 iuqatae,
1597 2055 1632 2082 ut

100 2100 273 2141 pleraeque
293 2101 330 2131 in
352 2100 465 2132 Italia.
513 2102 611 2132 cuius
630 2101 769 2132 nomina
787 2101 863 2137 duo,
884 2101 1080 2141 pedamenta
1099 2105 1126 2132 et
1151 2102 1258 2140 iuya.
1308 2102 1428 2142 quibus
1452 2106 1515 2133 stat
1538 2103 1632 2134 rectis

102 2151 214 2188 uinea,
247 2152 402 2183 dicuntur
435 2152 633 2192 pedamenta
648 2163 660 2188 ,·
697 2163 780 2192 quae
811 2156 1001 2183 transuersa
1032 2153 1227 2193 iunquntur,
1260 2153 1354 2193 iuqa
1371 2178 1377 2184 .
1398 2178 1404 2184 .
1425 2178 1431 2184 .
1451 2154 1464 2184 i
1470 2164 1632 2193 uqorum

101 2212 219 2242 qenera
244 2202 313 2243 fere
343 2207 495 2243 quattuor
512 2228 518 2234 .
539 2228 546 2234 .
566 2228 572 2235 .
592 2203 818 2243 iuqationis
848 2203 973 2243 species
1006 2204 1101 2240 duae,
1134 2203 1322 2235 Columella
1354 2213 1391 2235 IV
1424 2206 1540 2241 17—19,
1572 2206 1632 2246 qui

101 2254 221 2295 iugum
237 2253 362 2291 arbori,
379 2255 444 2286 hoc
461 2258 514 2286 est
530 2255 624 2286 ulmo
641 2255 797 2291 maritae,
816 2255 1027 2286 contrarium
1044 2255 1144 2296 ponit
1160 2264 1203 2285 111
1221 2256 1240 2285 2
1260 2257 1310 2292 15,
1329 2256 1381 2292 21,
1400 2257 1453 2293 23,
1472 2257 1524 2293 24,
1543 2257 1633 2288 sicut

102 2304 167 2336 hae
183 2305 271 2337 duae
288 2305 401 2337 cultus
417 2306 548 2337 formae
564 2306 654 2337 inter
670 2316 705 2337 se
722 2309 947 2347 opponuntur
963 2306 1058 2337 anth.
1078 2306 1154 2337 Lat.
1173 2306 1265 2337 Ries.
1285 2307 1347 2338 635
1368 2308 1406 2337 15
1423 2317 1472 2348 sq.
1486 2306 1632 2347 fecunda

102 2356 184 2387 uitis
212 2357 365 2397 coniuqes
393 2357 499 2388 ulmos
527 2361 644 2397 qraual
666 2355 669 2399 Ι
690 2361 833 2388 textasue
862 2357 1029 2388 inumbrat
1055 2358 1233 2397 pampinis
1261 2357 1476 2394 harundines,
1506 2359 1631 2390 harun-

102 2407 239 2438 dinibus
260 2409 351 2438 enim
372 2409 452 2448 iuga
473 2407 614 2445 fiebant,
637 2408 734 2439 Varr.
758 2417 771 2439 1
794 2409 812 2439 8
834 2409 865 2444 2,
889 2407 1019 2439 Colum.
1043 2417 1080 2438 IV
1105 2409 1143 2439 17
1168 2409 1197 2445 l,
1220 2408 1306 2440 Plin.
1329 2409 1398 2440 n.h.
1424 2418 1502 2440 xvn
1526 2411 1587 2441 166

184 2457 303 2498 fronde
322 2460 418 2498 (nam
432 2457 551 2498 fronte,
572 2459 666 2499 quod
687 2459 840 2490 Breitero
860 2462 895 2490 et
915 2459 1170 2500 Wageningeno
1189 2459 1331 2500 placuit,
1349 2460 1491 2501 dignum
1508 2461 1631 2502 digniS‚

102 2508 307 2550 typothetae
338 2509 516 2540 Iacobiani
545 2511 680 2550 ingenio
711 2510 880 2549 debetur),
912 2511 1085 2551 pampinis
1115 2511 1289 2551 utrimque
1318 2522 1378 2552 per
1407 2512 1525 2552 iugum
1555 2523 1631 2554 pro-

100 2560 300 2601 repentibus
316 2564 351 2592 et
367 2561 457 2592 inter
473 2571 507 2592 se
523 2561 650 2592 iunctis
667 2561 812 2601 (Colum.
832 2570 869 2591 IV
888 2562 927 2592 17
946 2562 975 2598 8,
993 2562 1089 2593 anth.
1109 2561 1185 2593 Lat.
1203 2562 1284 2600 l.c.),
1303 2566 1342 2593 ut
1359 2563 1487 2594 existat
1504 2564 1632 2604 species

101 2611 241 2642 choreas
257 2611 382 2642 iunctis
399 2612 558 2642 manibus
574 2612 807 2642 exercentium
823 2624 829 2643 :
860 2615 951 2643 recte
967 2612 1126 2653 Scaliger.
1174 2613 1342 2644 Martialis
1358 2624 1495 2644 uersum
1512 2623 1535 2644 x
1553 2615 1594 2645 93
1612 2615 1631 2644 2

99 2662 191 2702 picta
208 2686 214 2692 .
235 2686 241 2692 .
261 2687 267 2693 .
284 2663 517 2702 pampineis
535 2687 540 2694 .
562 2687 567 2693 .
588 2687 594 2693 .
614 2674 698 2693 arua
726 2663 834 2702 iuyis
859 2667 939 2694 ante
961 2663 1089 2695 multos
1110 2674 1219 2695 annos
1239 2664 1409 2705 explicaui
1430 2665 1465 2695 in
1485 2665 1631 2696 Journal

103 2713 138 2744 of
166 2713 345 2754 Philology
370 2722 447 2744 xxx
476 2724 508 2754 p.
538 2715 602 2744 253
694 2716 757 2746 240
784 2714 945 2746 fidentem
978 2715 1013 2746 M
1044 2715 1134 2746 sicut
1164 2716 1356 2747 coniecerat
1385 2716 1542 2757 Scaliger,
1569 2716 1631 2748 fin-

101 2764 237 2796 dentem
255 2763 320 2802 GL,
338 2764 538 2796 fundentem
555 2765 595 2796 L²
685 2764 785 2796 ducet
802 2765 961 2807 Scaliger,
979 2766 1072 2798 ducit
1088 2766 1166 2797 libri
1256 2767 1298 2798 de
1314 2767 1418 2798 tertio
1435 2767 1500 2798 hoc
1518 2767 1631 2799 cultus

103 2825 225 2858 genere
246 2815 434 2848 Columella
454 2825 477 2847 v
497 2818 517 2846 4
541 2818 554 2847 1
575 2816 752 2848 uinearum
766 2817 1031 2858 prouincialium
1044 2817 1146 2857 plura
1160 2828 1278 2859 qenera
1293 2828 1360 2850 esse
1376 2819 1528 2860 comperi.
1576 2819 1633 2851 sed
