1855 3088
566 126 1048 171 ASTRONOMICON
1079 127 1120 170 V
1552 126 1605 170 23

293 255 404 283 nunc
424 241 581 283 Cancro
600 241 740 282 uicina
759 255 921 292 canam,
943 241 1010 282 cui
1028 246 1149 296 parte
1168 240 1337 282 sinistra

121 323 186 354 175
240 320 496 370 consurgunt
515 315 701 370 Iugulae.
759 315 912 370 quibus
931 315 1245 369 adspirantibus
1264 315 1346 356 orti

239 395 294 439 te,
316 390 531 444 Meleagre,
553 390 697 430 colunt
716 389 896 430 fiammis
916 389 1161 430 absentibus
1180 394 1325 430 ustum

239 463 566 518 reddentemque
585 469 685 504 tuae
704 478 779 517 per
796 468 977 505 mortem
995 477 1170 504 munera
1188 462 1328 512 matri,

240 537 356 579 cuius
376 543 419 578 et
438 543 537 579 ante
555 552 700 578 necem
719 537 926 591 paulatim
945 537 1036 578 uita
1055 536 1221 591 sepulta
1240 541 1316 586 est,

239 616 367 666 atque
386 611 661 653 Atalantaeos
681 616 881 652 conatum
900 611 1005 652 ferre
1024 610 1200 660 labores,

78 731 170 763 laud.
191 731 257 763 Pis.
279 732 384 763 190-3
403 734 431 763 te
448 731 480 763 si
491 730 577 772 forte
595 731 691 762 iuuat
709 731 895 762 studiorum
910 730 1053 771 pondere
1066 729 1195 771 fessum
1216 728 1221 773 Ι
1241 740 1308 761 non
1326 729 1479 770 lanquere
1496 734 1607 762 tamen

79 782 233 823 lususque
261 793 389 814 mouere
414 793 474 823 per
502 786 613 820 artem,
636 781 829 825 {callidiore
857 781 951 813 modo
980 781 1092 813 tabula
1118 781 1273 812 uariatur
1301 785 1415 822 aperta
1436 779 1441 824 Ι
1459 781 1606 813 calculus

79 837 108 864 et
129 833 232 865 uitreo
252 837 457 874 peraquntur
480 833 583 865 milite
605 833 689 865 bella
780 835 930 867 174-205
957 843 1037 864 cum
1064 833 1194 865 Cancro
1222 833 1378 869 orientia,
1404 833 1547 874 Iugulae
1570 836 1607 865 et

79 884 235 926 Procyon
326 887 477 918 174-196
498 895 576 916 cum
597 885 719 926 prima,
742 888 782 916 ut
803 885 951 921 uidet-ur,
975 884 1095 915 Cancri
1116 887 1215 925 parte
1237 885 1346 915 oritur
1366 884 1471 916 Orion
1490 885 1606 916 eiusue

78 936 196 967 stellae
222 936 367 977 aliquae,
395 947 498 977 quem
525 937 609 967 item
636 938 669 967 εὖ
695 938 752 974 μὲν
780 938 861 976 ζώνῃ
884 938 918 966 εὖ
942 936 967 966 δ’
992 937 1197 975 ἀμφοτέροισι
1226 937 1355 974 φαεινὸν
1377 933 1382 978 1
1402 938 1500 974 ὥμοισ
1527 946 1606 967 cum

79 986 208 1018 Cancro
232 988 311 1018 oriri
335 987 418 1018 dicit
442 987 570 1019 Aratus
595 988 712 1018 587-9.
760 987 909 1028 primam
933 987 1025 1018 enim
1049 986 1232 1027 significari
1255 990 1402 1027 partem,
1428 986 1488 1018 ubi
1512 987 1608 1018 nulla

79 1041 172 1069 certa
196 1039 346 1080 ponitur,
372 1038 539 1070 Firmicus
563 1041 599 1069 et
624 1038 677 1069 hic
702 1038 951 1079 interpretatus
975 1041 1028 1069 est
1052 1041 1088 1069 et
1113 1037 1157 1068 ad
1182 1038 1246 1069 206
1271 1037 1346 1078 (ubi
1369 1048 1439 1069 non
1464 1038 1607 1069 obscure

77 1089 262 1128 indicatur)
277 1093 312 1120 et
325 1090 389 1121 389
404 1101 411 1126 3
438 1099 652 1130 quamquam
666 1089 708 1120 de
721 1090 785 1120 394
799 1089 863 1121 409
875 1090 940 1121 416
954 1089 1001 1120 sic
1015 1092 1169 1120 statuere
1182 1089 1345 1120 nonlicet
1358 1092 1393 1120 et
1406 1089 1608 1130 simpliciter

78 1140 294 1180 agnoscenda
322 1144 374 1171 est
402 1144 525 1181 poetae
554 1140 769 1181 neglegentia
860 1143 923 1173 175
955 1140 962 1152 ‘
979 1139 1130 1179 quulae,
1160 1150 1240 1181 pars
1271 1139 1404 1171 Orionis
1421 1140 1428 1152 '
1459 1140 1608 1181 Scaliger

76 1191 129 1222 ed.
151 1192 180 1228 1,
202 1191 270 1222 ‘les
287 1191 405 1222 etoiles
423 1191 470 1222 du
489 1191 648 1222 baudrier
665 1190 807 1222 d’Orion
823 1190 830 1203 ⁵
849 1191 1045 1232 Pingraeus‚
1064 1201 1153 1231 quae
1171 1190 1265 1231 uulgi
1281 1191 1396 1232 opinio
1412 1194 1474 1222 est.
1516 1201 1607 1222 com-

78 1246 247 1274 memorat
269 1253 326 1274 eas
350 1242 494 1274 Plautus
516 1242 642 1283 Amph.
668 1243 743 1278 275,
768 1242 881 1273 idibus
906 1242 980 1273 Oct.
1006 1245 1041 1273 et
1064 1242 1222 1283 sequenti
1247 1241 1351 1272 biduo
1375 1242 1499 1273 exoriri
1522 1242 1607 1274 dicit

78 1292 265 1325 Columella
288 1302 327 1324 XI
353 1294 372 1324 2
398 1294 449 1330 76,
474 1303 543 1334 quo
570 1296 725 1334 tempore
753 1296 893 1324 auctore
917 1292 1035 1324 Clodio
1059 1293 1169 1324 Tusco
1196 1293 1211 1323 ὁ
1234 1292 1342 1332 Ὠρίων
1365 1294 1500 1332 ἀνίσχει.
1551 1293 1609 1324 alii

81 1344 238 1384 quulam
264 1344 441 1386 appellant
467 1347 503 1376 et
531 1344 665 1376 Orionis
692 1354 817 1375 nomen
845 1344 1009 1375 Latinum
1036 1354 1109 1374 esse
1133 1344 1242 1380 aiunt,
1268 1344 1364 1375 Varr.
1389 1344 1452 1375 l.L.
1479 1353 1531 1376 VH
1554 1346 1608 1382 50,

79 1394 174 1426 Paul.
198 1395 288 1427 Fest.
313 1406 345 1437 p.
374 1396 435 1427 104
456 1396 488 1432 4,
512 1395 593 1426 Isid.
618 1395 700 1436 orig.
725 1403 768 1425 ΠΙ
791 1396 829 1426 71
857 1396 908 1431 11,
932 1395 1018 1426 thes.
1043 1395 1143 1435 gloss.
1168 1394 1301 1426 emend.
1326 1403 1340 1425 1
1361 1405 1394 1436 p.
1424 1396 1510 1432 610;
1547 1396 1607 1427 sed

78 1446 242 1478 curiosius
265 1447 373 1478 Varro
395 1446 497 1477 liuius
519 1445 610 1486 siqni
632 1446 795 1486 (Orionis)
819 1449 919 1485 caput
941 1445 1064 1476 dicitur
1087 1455 1125 1476 ex
1147 1445 1252 1476 tribus
1274 1444 1386 1483 stellis,
1411 1456 1493 1486 quas
1517 1445 1609 1486 infra

77 1496 161 1528 duae
188 1497 304 1535 clarae,
332 1507 415 1538 quas
441 1497 611 1537 appellant
637 1507 766 1528 umeros
778 1507 789 1533 ,·
826 1497 910 1527 inter
939 1506 1022 1536 quas
1046 1496 1132 1536 quod
1155 1496 1287 1527 uidetur
1310 1496 1464 1536 iuqulum
1488 1498 1605 1536 (κλείσ,

78 1548 85 1561 ‘
100 1548 308 1580 collar-bone
323 1548 346 1588 ')
366 1548 490 1588 quula
506 1547 602 1579 dicta.
650 1551 801 1579 ceterum
818 1558 858 1578 ea
876 1558 959 1578 uoce
977 1548 1028 1578 uti
1044 1550 1149 1588 poeta
1166 1550 1305 1578 coactus
1322 1551 1385 1585 est,
1404 1551 1444 1579 ut
1461 1558 1609 1580 errorem

77 1599 307 1631 dissimularet
326 1610 395 1640 quo
417 1599 544 1631 Oriona
564 1609 643 1630 cum
663 1599 779 1630 Ariete
800 1602 997 1639 surgentem
1018 1598 1203 1630 induxerat
1224 1600 1265 1629 57
1286 1609 1360 1640 sqq.
1456 1602 1608 1633 175—196

75 1650 208 1682 faciunt
226 1651 367 1691 Iugulae
387 1651 520 1682 Orionis
538 1650 677 1682 fabulae
695 1650 939 1681 conuenienter
956 1653 1150 1686 uenatores,
1170 1650 1229 1681 sed
1247 1650 1354 1681 etiam
1372 1650 1560 1691 piscatores

166 1704 228 1735 176
251 1701 445 1733 absentibus
470 1701 663 1732 Gronouius
688 1701 759 1732 obs.
786 1709 814 1731 Π
837 1711 864 1731 c.
894 1702 944 1737 11,
970 1700 1172 1732 habentibus
1196 1700 1232 1731 M
1256 1700 1432 1732 Gronouio
1455 1701 1607 1742 ignotus,

76 1751 305 1784 habitantibus
324 1751 378 1784 GL
396 1753 497 1783 metri
514 1763 628 1788 causa,
648 1755 688 1783 ut
706 1752 787 1783 Luc.
808 1760 821 1782 1
838 1753 902 1783 483
920 1751 1124 1791 ayitantibus
1141 1751 1204 1782 ZM
1221 1761 1283 1792 pro
1301 1752 1483 1791 aqentibus,
1502 1753 1538 1783 id
1555 1756 1608 1784 est

75 1813 96 1834 a
121 1804 290 1844 qentibus;
332 1803 537 1834 latitantibus
563 1803 742 1834 Turnebus
769 1803 847 1833 adu.
878 1811 974 1833 XXIII
1000 1813 1028 1833 c.
1056 1803 1110 1838 27,
1135 1812 1242 1843 quam
1273 1803 1504 1834 coniecturam
1536 1804 1609 1845 ipse

76 1855 214 1895 cognita
239 1854 459 1886 Gronouiana
482 1855 640 1895 protinus
665 1854 874 1885 damnasset.
924 1853 1118 1884 Gronouius
1144 1853 1277 1884 confert
1303 1853 1403 1884 Ouid.
1431 1857 1512 1885 met.
1540 1863 1608 1886 vm

76 1907 140 1937 515
161 1916 210 1947 sq.
234 1905 362 1936 inscius
382 1908 476 1945 atque
497 1905 613 1936 absens
627 1905 770 1945 flamma
793 1903 979 1944 Meleaqros
999 1904 1039 1934 ab
1061 1903 1122 1934 illa
1142 1902 1146 1946 Ι
1166 1904 1286 1940 uritur,
1309 1905 1408 1936 addit
1431 1905 1607 1937 Bentleius

76 1956 128 1988 Ib.
151 1957 211 1988 601
235 1960 334 1988 natus
354 1959 390 1987 ut
409 1955 567 1987 Althaeae
580 1955 732 1996 flammis
752 1955 941 1986 absentibus
961 1954 1053 1992 arsit,
1075 1965 1157 1985 rem.
1182 1956 1242 1986 721
1270 1954 1423 1986 Thestias
1443 1956 1607 1988 absentem

74 2007 240 2039 succendit
264 2007 375 2048 stipite
399 2011 525 2044 natum,
552 2007 652 2048 Prop.
680 2015 723 2038 111
747 2008 789 2037 22
814 2007 853 2038 31
881 2016 931 2047 sq.
958 2015 1016 2037 nec
1040 2006 1196 2046 cuiquam
1221 2006 1367 2037 absentes
1392 2010 1543 2038 arserunt
1568 2007 1606 2039 in

74 2062 174 2099 caput
209 2059 301 2099 iqnes
322 2057 325 2102 1
345 2058 484 2090 exitium
519 2061 595 2089 nato
630 2061 731 2088 matre
765 2061 913 2088 mouente
948 2067 1008 2088 suo
1100 2059 1163 2090 177
1198 2056 1391 2088 Gronouius
1426 2062 1606 2100 comparat

76 2109 175 2141 Ouid.
200 2113 281 2141 met.
306 2118 373 2140 V111
395 2111 502 2141 502-5
525 2109 585 2140 ubi
607 2108 756 2140 Althaea
778 2108 897 2139 uixisti
919 2108 1033 2149 inquit
1056 2117 1189 2139 munere
1211 2111 1331 2144 nostro,
1354 2106 1359 2151 Ι
1379 2118 1468 2140 nunc
1491 2110 1605 2141 merito

75 2160 209 2192 moriere
238 2164 302 2192 tuo.
350 2171 430 2201 cape
456 2159 609 2200 praemia
633 2159 728 2200 facti,
752 2158 756 2202 Ι
776 2159 887 2199 bisque
917 2159 1039 2195 datam,
1067 2158 1219 2199 primurn
1244 2162 1358 2198 partu,
1390 2170 1465 2191 nwx
1493 2161 1605 2201 stipite

74 2215 178 2252 rapto,
201 2210 319 2255 [redde
352 2211 502 2243 animam
594 2213 657 2244 178
691 2211 867 2242 Bentleius
901 2213 1081 2251 comparat
1113 2209 1159 2240 ib.
1196 2210 1260 2241 524
1293 2220 1343 2251 sq.
1379 2210 1479 2251 inque
1514 2211 1605 2243 leues

74 2262 156 2294 abiit
173 2263 340 2303 paulatim
359 2263 500 2303 spiritus
520 2272 621 2293 auras
642 2260 646 2305 Ι
664 2261 832 2302 paulatim
851 2271 937 2293 cana
953 2271 1102 2301 prunam
1121 2260 1251 2292 uelante
1264 2260 1402 2301 fauilla.
1451 2266 1605 2295 ceterum

74 2314 152 2345 uide
173 2314 280 2346 Naeu.
303 2325 357 2355 ap.
381 2314 476 2345 Varr.
498 2313 561 2344 l.L.
587 2322 627 2344 IX
651 2314 693 2344 78
716 2312 788 2343 uita
811 2311 980 2352 insepulta
999 2311 1104 2342 laetus
1124 2311 1162 2342 in
1179 2311 1328 2352 patriam
1347 2311 1451 2343 redux
1542 2317 1605 2348 179

73 2365 262 2397 atalanteos
283 2365 330 2403 M,
352 2365 544 2397 athlanteos
566 2363 594 2395 G
615 2365 713 2404 (item
735 2363 946 2395 Matritensis
968 2363 1188 2404 apographus
1210 2362 1291 2394 Vrb.
1317 2364 1406 2403 668),
1429 2364 1604 2397 adlanteos

73 2415 99 2447 L
189 2418 351 2448 conatum
375 2415 455 2454 GL2,
480 2417 624 2447 conatur
647 2415 694 2453 M,
719 2417 862 2446 conatus
886 2413 912 2445 L
937 2414 1011 2445 cod.
1038 2414 1201 2445 Venetus.
1249 2417 1413 2451 conatum,
1440 2425 1519 2447 eum
1544 2417 1604 2457 qui

73 2471 217 2499 conatus
236 2471 299 2504 est,
319 2467 517 2503 Milaniona,
538 2470 577 2498 ut
596 2475 625 2497 11
642 2468 684 2497 40
703 2465 821 2497 Sicula
838 2490 844 2497 .
865 2490 872 2496 .
892 2489 899 2496 .
918 2464 1030 2496 tellure
1048 2468 1175 2496 creatus
1193 2475 1256 2506 pro
1275 2465 1481 2497 Theocrito:
1514 2467 1604 2499 adde

73 2526 96 2548 v
120 2519 185 2550 288
209 2529 259 2559 sq.
286 2518 486 2558 scalpentem
504 2542 510 2548 .
530 2541 537 2548 .
557 2541 564 2549 .
583 2517 832 2556 candentemque
921 2516 1013 2547 hunc
1039 2526 1177 2547 uersum
1201 2516 1390 2557 explicauit
1415 2517 1603 2550 Doruillius

72 2569 117 2600 ad
137 2568 263 2600 Charit.
285 2577 323 2600 VI
341 2570 362 2599 4
381 2571 427 2610 (p.
450 2570 513 2600 532
533 2568 584 2599 ed.
606 2569 640 2607 2)
661 2567 787 2599 collato
807 2567 907 2608 Prop.
930 2575 943 2598 1
964 2568 978 2598 1
1002 2567 1022 2597 9
1041 2576 1090 2607 sq.
1113 2566 1288 2597 Milanion
1307 2566 1416 2598 nullos
1429 2567 1602 2608 fugiendo,

76 2619 182 2656 Tulle,
199 2619 322 2650 labores
344 2618 347 2662 Ι
367 2619 545 2650 saeuitiam
560 2618 662 2650 durae
678 2618 824 2649 contudit
842 2617 998 2655 Iasidos3
1028 2618 1070 2648 de
1086 2618 1208 2649 eodem
1225 2617 1325 2649 Ouid.
1344 2621 1408 2649 art.
1428 2626 1456 2649 11
1474 2620 1602 2652 185-90

71 2669 152 2710 quid
178 2669 248 2711 fuit
280 2670 433 2710 asperius
467 2669 664 2700 Nonacrina
697 2668 887 2700 Atalanta?
909 2667 1104 2711 [succubuit
1136 2668 1262 2700 meritis
1294 2671 1370 2700 trux
1401 2672 1511 2700 tamen
1543 2670 1604 2702 illa

71 2721 151 2752 uiri.
174 2719 178 2764 Ι
198 2731 295 2760 saepe
316 2731 394 2752 suos
415 2730 512 2752 casus
534 2730 592 2751 nec
614 2720 711 2751 mitia
727 2719 820 2760 facta
839 2718 970 2759 puellae
991 2717 996 2762 Ι
1009 2719 1108 2760 flesse
1129 2719 1189 2750 sub
1212 2719 1383 2751 arboribus
1406 2720 1604 2753 Milaniona

66 2771 190 2813 ferunt.
218 2771 336 2816 lsaepe
367 2771 441 2803 tulit
472 2771 563 2802 iusso
585 2770 726 2812 fallacia
753 2770 836 2802 retia
864 2770 954 2808 collo,
978 2769 981 2813 Ι
1001 2780 1099 2811 saepe
1121 2770 1198 2811 fera
1227 2773 1336 2801 toruos
1365 2771 1502 2811 cuspide
1523 2772 1604 2813 fixit

71 2833 181 2863 apros,
205 2823 292 2855 Xen.
315 2834 390 2864 eyn.
417 2825 431 2855 l
457 2824 475 2854 7
499 2824 680 2854 Μειλανίων
704 2824 737 2854 δὲ
760 2823 911 2854 τοσοῦτον
935 2823 1093 2862 ὑπερέσχε
1117 2817 1288 2861 φιλοπονίᾳ
1312 2823 1394 2852 ὥστε
1411 2846 1418 2854 .
1438 2846 1445 2854 .
1465 2846 1472 2854 .
1490 2824 1604 2862 ’γάμων
