1855 3088
155 112 209 150 76
745 107 807 149 M.
840 107 1091 150 MANILII

313 220 487 262 Perseus
507 224 551 261 et
569 227 688 261 semet
707 219 822 261 03310
841 219 1050 261 iaculatur
1069 219 1113 260 in
1131 219 1298 261 hostem

314 294 532 349 Gorgoneo
552 294 737 336 tinctum
756 294 940 349 defigens
959 293 1161 349 sanguine
1180 294 1350 335 ferrum.

189 377 257 408 595
312 369 384 410 1113
403 369 519 410 3111111
538 373 686 410 contra
704 383 955 424 uersamque
975 383 1000 410 a
1019 368 1183 423 gurgite
1202 368 1386 410 frontem

314 443 435 498 erigit
454 448 497 485 et
516 443 641 485 tortis
660 443 844 485 innitens
864 443 1036 484 orbibus
1055 443 1140 484 alte

314 518 468 560 emicat
487 532 536 559 ac
555 523 649 559 toto
669 518 860 559 sublimis
879 532 1052 572 corpore
1070 517 1215 558 fertur.

313 593 400 643 sed,
423 598 633 648 quantum
651 593 723 634 illa
742 592 870 642 subit,
893 606 1069 647 semper,
1091 591 1276 633 iaculata
1295 590 1519 646 profundo,

312 667 357 708 in
375 672 549 709 tantum
567 667 731 708 reuolat
750 667 979 722 laxumque
998 681 1072 722 per
1091 666 1263 708 aethera
1282 665 1393 707 ludit

189 749 258 781 600
313 741 488 783 Perseus
508 747 552 784 et
570 742 653 783 ceti
672 742 892 783 subeuntis
911 741 1109 783 uerberat
1127 755 1213 783 ora.

313 831 389 858 nec
409 817 522 858 cedit
540 822 686 858 tamen
705 817 776 858 1113
794 816 899 867 uiro,
920 816 995 858 sed
1013 815 1150 858 saeuit
1169 816 1213 857 in
1232 829 1357 856 auras

313 891 535 942 morsibus,
557 896 600 933 et
618 891 720 933 uani
739 891 951 946 crepitant
970 891 1058 932 sine
1076 890 1249 932 uulnere
1268 890 1417 931 dentes
1436 903 1445 939 ;

313 965 439 1007 ecflat
457 971 500 1007 et
519 966 563 1007 in
582 966 746 1007 caelum
765 965 939 1020 pelagus
956 965 1192 1020 mergitque
1210 964 1429 1006 uolantem

313 1040 552 1096 sanguineis
570 1040 695 1082 undis
714 1045 979 1095 pontumque
1000 1040 1187 1081 exstillat
1205 1039 1250 1080 in
1269 1044 1397 1080 astra.

155 1184 350 1216 Breiterum
376 1184 522 1215 retinere
548 1183 666 1225 potuit
690 1184 776 1224 quin
801 1183 966 1215 scriberet
991 1193 1071 1214 cum
1096 1183 1196 1214 hiatu
1222 1193 1292 1214 non
1317 1181 1506 1214 Maniliano
1531 1183 1567 1213 et
1591 1180 1690 1222 graui

153 1236 346 1267 sententiae
375 1235 585 1266 detrimento
614 1235 776 1275 quantula
802 1234 930 1275 praeda
959 1234 1063 1265 maris
1091 1234 1210 1274 quanti
1224 1235 1249 1271 !,
1279 1233 1365 1265 nihil
1397 1233 1690 1274 Wageningenum

153 1288 238 1328 quin
256 1287 391 1327 quantis
411 1289 586 1317 seruatum
608 1287 656 1317 sic
676 1289 863 1323 enarraret,
887 1286 894 1298 ‘
908 1285 1132 1317 Andromeda
1151 1286 1248 1326 m'rgo
1267 1295 1377 1326 parua
1395 1288 1431 1316 et
1450 1283 1597 1315 imbellis
1615 1286 1691 1314 erat

153 1349 236 1380 prae
251 1338 313 1369 alis
330 1339 463 1379 magnis
479 1341 514 1369 et
529 1337 732 1379 potentibus
749 1337 863 1368 Persei
875 1337 895 1374 '‚
915 1347 1040 1378 nempe
1056 1337 1142 1368 adeo
1159 1337 1292 1378 magnis
1307 1339 1348 1368 ut
1363 1335 1531 1368 talaribus
1547 1337 1691 1376 aptatae

152 1390 292 1422 fuerint.
340 1400 423 1421 nam
460 1389 670 1420 Bechertum
706 1388 946 1420 Gemblacensi
982 1388 1163 1420 addictum
1200 1389 1326 1419 omitto
1416 1386 1479 1419 alis
1515 1386 1578 1418 LM
1614 1385 1688 1417 cod.

154 1442 318 1478 Venetus,
342 1440 443 1472 undis
467 1440 506 1477 G,
531 1451 611 1472 cum
634 1440 668 1471 al
692 1443 771 1481 post
795 1443 829 1472 at
852 1440 1037 1471 excidisset
1129 1442 1192 1474 593
1216 1441 1325 1471 semet
1347 1442 1430 1471 ante
1453 1438 1540 1470 caelo
1564 1437 1692 1469 inserui

152 1497 187 1525 et
211 1496 291 1535 post
314 1492 448 1533 dempsi
470 1491 631 1533 pendens,
655 1492 751 1532 quod
774 1494 939 1533 sequente
963 1491 1072 1523 altero
1095 1492 1279 1532 participio
1302 1490 1423 1522 melius
1447 1490 1568 1521 abest:
1605 1487 1692 1520 illud

154 1545 343 1576 hauserant
374 1543 512 1575 litterae
544 1543 789 1584 praecedentes
820 1546 936 1574 seuset.
984 1553 1054 1574 non
1087 1542 1259 1574 iaculatur
1291 1542 1423 1583 harpen
1455 1541 1515 1573 sed
1547 1539 1689 1581 defigit3

155 1596 333 1637 passiuum
381 1598 499 1626 autem
539 1597 677 1636 praeter
726 1594 949 1636 participium
996 1597 1078 1625 ante
1125 1593 1336 1635 Appuleium
1383 1603 1453 1624 non
1501 1592 1687 1623 inuenitur.

155 1650 307 1688 nugatur
348 1646 497 1687 Scaliger
539 1657 601 1677 1130
643 1646 832 1686 quicquam
877 1645 1014 1687 proficit
1058 1645 1260 1677 absolutum
1306 1645 1453 1676 uerbum
1498 1643 1689 1685 appellans,

155 1698 332 1730 Bentleius
363 1698 412 1729 sic
438 1697 546 1738 fertur
581 1698 736 1728 coniecit.
784 1707 819 1728 se
850 1696 995 1728 iaculari
1027 1697 1191 1728 dixerunt
1223 1696 1384 1728 Lucanus
1415 1705 1443 1727 11
1472 1697 1535 1726 155
1563 1694 1689 1735 aliique

152 1751 188 1781 in
230 1749 347 1781 lexicis
379 1749 514 1780 laudati
628 1751 693 1782 594
726 1748 876 1789 defigens
911 1747 986 1785 GM,
1028 1747 1203 1789 defingens
1243 1758 1327 1779 corr.
1368 1758 1410 1779 ex
1451 1747 1582 1788 fingens
1620 1745 1646 1777 L

244 1803 307 1835 595
325 1809 463 1832 uersam
482 1800 670 1837 Bentleius,
690 1809 791 1831 uersa
808 1799 897 1837 libri,
916 1810 1010 1831 uer-so
1031 1800 1231 1836 Bechertus,
1251 1799 1346 1840 quod
1366 1800 1426 1840 qui
1445 1798 1565 1830 mallet
1583 1798 1690 1829 etiam

154 1853 242 1885 alter
262 1854 426 1884 inuentus
446 1855 499 1883 est
591 1860 612 1883 a
628 1851 761 1893 gurgite
776 1851 823 1890 M,
841 1860 862 1883 a
880 1850 988 1892 surgit
1007 1859 1029 1882 a
1046 1850 1082 1889 L,
1103 1850 1250 1892 assurgit
1269 1860 1291 1882 a
1311 1849 1339 1882 G
1428 1849 1578 1882 frontem
1597 1848 1688 1880 Flor.

153 1908 189 1935 et
209 1904 322 1940 Bodl.‚
340 1903 447 1935 ffonte
463 1903 510 1941 M,
526 1902 622 1935 fonte
639 1902 694 1934 GL
797 1904 861 1936 596
876 1902 973 1934 tortis
989 1902 1036 1940 M,
1049 1902 1147 1934 fortis
1164 1901 1202 1940 G,
1219 1902 1318 1934 sortis
1341 1901 1367 1933 L
1465 1901 1533 1933 alte
1549 1900 1638 1932 Flor.
1657 1903 1693 1931 et

155 1956 267 1993 Bodl.‚
287 1955 365 1987 altis
385 1954 477 1986 GLM
569 1957 632 1988 598
655 1955 868 1995 interpunxi.
914 1953 1101 1995 hyperbati
1126 1953 1294 1995 exemplis
1318 1952 1516 1985 Manilianis
1540 1952 1586 1983 ad
1610 1960 1623 1982 1
1648 1952 1691 1983 58

153 2017 204 2048 sq.
231 2007 384 2038 collectis
407 2016 500 2037 nunc
525 2005 624 2047 plura
648 2005 778 2043 adieci3
829 2005 932 2037 huius
955 2005 1066 2037 simile
1092 2008 1156 2042 est,
1185 2005 1245 2037 sed
1272 2004 1403 2042 durius,
1432 2004 1532 2045 Verg.
1565 2004 1651 2035 Aen.
1677 2011 1690 2033 1

156 2060 254 2090 195-7
273 2058 369 2095 uina,
387 2057 492 2089 bonus
508 2068 602 2098 quae,
621 2057 749 2094 deinde,
768 2057 861 2088 cadis
877 2060 1030 2088 onerarat
1046 2058 1181 2088 Acestes
1199 2083 1205 2089 .
1227 2083 1233 2089 .
1255 2083 1261 2089 .
1281 2056 1474 2097 dederatque
1493 2054 1691 2087 abeuntibus

153 2110 257 2147 heros,
283 2108 286 2152 Ι
307 2109 442 2141 diuidit.
491 2108 659 2140 iaculatus
684 2109 864 2149 passiuum
888 2108 1050 2140 Lucanus
1073 2116 1116 2138 111
1137 2108 1213 2145 568,
1245 2107 1340 2148 quod
1371 2107 1427 2138 hic
1458 2107 1494 2138 ui
1524 2106 1690 2138 reflexiua

154 2162 307 2202 ponitur,
336 2163 377 2192 ut
404 2160 530 2192 missus
557 2159 659 2192 Ouid.
690 2162 773 2192 met.
803 2168 843 2190 1v
870 2160 994 2192 718-20
1025 2159 1122 2191 celeri
1153 2159 1279 2191 missus
1307 2169 1467 2199 praeceps
1496 2168 1556 2199 per
1585 2157 1688 2189 inane

153 2212 269 2244 uolatu
293 2210 296 2255 Ι
317 2215 406 2251 ter-qa
421 2211 516 2252 ferae
536 2211 660 2252 pressit
681 2237 687 2243 .
710 2237 716 2243 .
741 2237 746 2243 .
769 2210 949 2243 Inachides
967 2213 1004 2242 et
1023 2211 1152 2252 passim
1172 2220 1327 2241 emersus.
1376 2220 1504 2250 semper
1523 2208 1690 2240 aduerbio

153 2264 189 2295 in
220 2263 405 2295 enuntiato
436 2262 583 2293 relatiuo
617 2262 733 2293 locum
766 2272 837 2293 non
864 2272 937 2294 esse
967 2265 1050 2293 ante
1084 2261 1282 2293 Bentleium
1316 2264 1497 2292 senserant
1527 2260 1689 2300 Scaliger,

154 2315 215 2355 qui
252 2314 306 2346 ed.
339 2315 353 2345 l
391 2324 460 2345 sese
490 2313 668 2350 maculata,
700 2316 736 2345 et
767 2313 975 2350 Gronouius,
1007 2313 1067 2354 qui
1098 2312 1171 2345 obs.
1205 2321 1233 2343 11
1264 2323 1292 2344 0.
1332 2313 1369 2343 11
1410 2315 1508 2343 semet
1543 2311 1692 2343 iaculata

153 2366 313 2402 coniecit,
339 2364 518 2396 Bentleius
545 2367 695 2405 utroque
723 2364 846 2395 melius
876 2375 973 2405 seque
1000 2364 1167 2396 eiaczclata
1189 2363 1362 2404 profando
1389 2366 1445 2401 est,
1473 2372 1690 2404 quamquam

154 2416 274 2448 abesse
299 2426 398 2456 posse
425 2419 470 2447 est
495 2426 537 2447 ex
559 2424 588 2446 11
610 2417 674 2448 235
703 2415 943 2456 similibusque
970 2418 1118 2456 apparet
1207 2417 1271 2448 599
1292 2423 1356 2455 que
1379 2423 1438 2455 per
1460 2414 1548 2452 L2M,
1572 2423 1631 2455 per
1652 2413 1690 2452 L,

154 2476 213 2508 per
233 2468 266 2498 et
287 2466 314 2498 G
406 2468 469 2499 600
490 2465 556 2498 ceti
576 2466 613 2505 L,
638 2465 727 2497 caeti
747 2465 785 2505 G,
807 2465 878 2498 ceci
897 2465 934 2497 M
1018 2465 1144 2507 falcato
1164 2465 1428 2497 uerberatense
1440 2476 1520 2507 pars
1532 2465 1691 2496 codicum

157 2518 256 2551 Ouid.
276 2521 357 2549 met.
376 2526 413 2548 1v
431 2518 505 2554 727,
523 2528 603 2558 pars
619 2517 778 2549 uulnerat
870 2519 931 2550 601
949 2527 1011 2558 pro
1028 2517 1099 2554 illa,
1117 2517 1159 2548 de
1176 2527 1245 2557 quo
1262 2517 1342 2548 uide
1358 2516 1403 2548 ad
1422 2518 1495 2554 181,
1512 2516 1693 2547 Reinesius

155 2569 243 2601 Scal.
261 2569 313 2600 ed.
331 2570 350 2600 3
367 2579 399 2609 p.
418 2569 460 2599 24
477 2568 531 2599 ille
547 2569 708 2605 coniecit,
724 2568 819 2609 quod
834 2568 919 2609 quid
933 2568 1063 2600 habeat
1078 2568 1156 2599 uitii
1171 2568 1272 2599 docui
1287 2568 1333 2599 ad
1348 2576 1360 2598 1
1375 2569 1439 2600 435
1532 2569 1596 2600 602
1610 2566 1693 2598 uani

156 2619 236 2659 GL2,
261 2618 352 2651 ciani
376 2618 412 2658 L,
437 2618 521 2650 naui
547 2618 583 2650 M
611 2620 734 2659 (etiam
758 2619 840 2650 Vrb.
868 2620 946 2659 667)
1039 2621 1102 2652 603
1126 2618 1219 2650 efflat
1243 2618 1323 2657 GL2,
1348 2620 1382 2650 et
1404 2617 1466 2650 flat
1488 2617 1562 2656 ΕΜ,
1587 2617 1693 2650 adflat

156 2671 230 2703 cod.
247 2671 410 2702 Venetus.
461 2670 561 2701 Ouid.
579 2673 661 2700 met.
682 2679 720 2701 IV
735 2671 799 2702 728
814 2681 863 2711 sq.
880 2670 975 2702 belua
987 2670 1131 2710 puniceo
1145 2670 1264 2701 mixtos
1278 2680 1353 2701 cum
1367 2669 1530 2709 sanquine
1538 2669 1663 2710 fluctus
1685 2668 1689 2712 Ι

154 2733 208 2754 ονε
229 2722 334 2753 uomit
349 2732 361 2758 ,·
395 2721 550 2752 maduere
570 2731 688 2760 qraues
714 2721 910 2761 adsperqine
929 2732 1061 2761 pennae
1153 2723 1217 2754 604
1238 2720 1385 2752 exstillat
1406 2720 1452 2758 M,
1476 2720 1605 2752 extollit
1626 2719 1692 2752 GL.

154 2773 241 2806 illud
259 2773 370 2805 multo
387 2771 638 2814 significantius
654 2775 707 2804 est
726 2775 888 2813 recteque
904 2773 948 2804 ab
968 2772 1096 2804 Iacobo
1113 2775 1302 2814 receptum,
1322 2772 1387 2803 etsi
1405 2782 1487 2803 usus
1505 2772 1692 2809 transitiui,

158 2825 200 2857 de
225 2835 296 2865 quo
321 2825 357 2856 in
382 2823 528 2866 simplici
553 2823 660 2855 uerbo
686 2826 835 2861 constat,
862 2824 1059 2866 exemplum
1085 2824 1120 2855 in
1145 2824 1210 2856 hoc
1235 2823 1376 2865 quidem
1401 2823 1594 2865 composito
1619 2833 1689 2854 non
