1855 3088
563 133 753 177 LIBRO
786 132 809 175 I
840 133 1144 177 ADDENDA
1539 136 1618 174 129

86 255 166 282 non,
194 248 233 277 ut
259 248 400 283 ceteros,
426 245 681 287 composuerint
704 249 740 277 et
767 246 802 277 in
825 246 922 287 signa
947 247 1089 286 (εἴδωλα,
1114 246 1211 282 εἴδεα,
1236 246 1352 286 ἄστρα)
1375 245 1557 277 formarint
1580 248 1616 277 et

85 296 222 327 nomine
237 296 422 328 donarint:
459 297 556 338 signa
579 297 696 328 omnia
719 298 881 334 ὀνομαστά
904 308 976 328 esse
998 297 1125 329 diserte
1148 297 1369 329 confirmauit
1391 297 1452 328 381
1474 306 1525 337 sq.
1572 297 1615 328 de

85 347 194 378 isdem
211 347 329 385 stellis,
346 358 432 388 quas
455 347 583 379 Bollius
605 347 678 379 sine
699 347 833 379 nomine
850 347 949 387 siqna
965 359 1037 380 esse
1057 348 1144 385 uult,
1165 348 1305 379 Attalus
1324 358 1379 389 ap.
1399 347 1504 389 Hipp.
1523 356 1536 378 1
1556 349 1575 378 8
1594 348 1614 379 9

83 399 121 429 ἐν
149 399 266 429 οὐδένι
294 399 414 438 ἄστρῳ
442 400 720 438 καταριθμοῦνται,
746 399 831 430 ἀλλ’
859 401 937 430 εἰσὶν
964 400 1130 436 ἀνώνυμοι,
1158 398 1378 440 Hipparchus
1403 399 1475 439 ipse
1500 398 1545 429 ib.
1574 399 1614 429 12

83 450 118 480 οὐ
147 450 211 490 ’γὰρ
237 451 340 481 οὕτωσ
369 451 488 480 κεῖνται
519 451 599 481 ὥστε
631 453 665 481 ἐκ
695 452 757 489 τῆσ
785 450 906 481 θέσεωσ
937 451 1039 481 αὐτῶν
1067 451 1184 488 ὀμοίωσ
1215 451 1473 490 διαμορφωθῆναι
1500 448 1568 489 ζῷα
1596 451 1616 488 ἢ

83 502 330 538 κατασκεύασμά
346 512 388 532 τι.

127 552 191 584 473
211 550 332 591 paruis
348 561 416 582 nec.
463 551 542 583 uide
558 552 603 583 ad
620 560 642 583 v
658 552 722 583 295
739 551 919 583 adnotata.

126 603 191 636 476
212 602 255 634 de
272 611 311 634 IV
327 603 390 635 302
407 603 616 634 sententiam
633 606 754 644 postea
772 603 907 634 mutaui
923 615 930 634 z
961 602 1041 634 uide
1058 602 1102 634 ad
1120 611 1148 634 11
1165 603 1240 634 687.

126 654 189 686 481
213 652 308 685 breue
327 664 388 695 pro
412 653 481 685 leue
501 654 610 686 codex
630 654 891 695 antiquissimus
913 653 1016 686 Mart.
1038 662 1076 685 IV
1097 654 1140 686 43
1161 654 1206 691 9;
1241 663 1323 685 nam
1345 653 1391 684 ib.
1414 654 1456 684 42
1478 653 1498 684 9
1519 663 1613 684 error

79 714 179 736 suam
194 714 335 736 causam
350 704 468 736 habet.

125 757 188 789 48⁹7
211 755 340 787 struxit.
388 764 427 787 Ν
454 757 517 787 878
545 765 745 796 componere,
775 756 842 788 Cic.
871 756 971 787 Tusc.
1001 764 1015 786 1
1042 757 1083 787 22
1115 754 1362 786 Democritum.
1381 753 1556 786 ..leuibus
1584 757 1612 785 et

78 805 230 837 rotundis
245 806 451 847 corpusculis
468 806 655 848 efficientem
671 807 825 838 animum
841 817 1002 838 concursu
1018 806 1159 847 quodam
1170 806 1321 848 fortuito.

124 859 188 890 488
210 857 285 898 qui-s·
300 870 307 889 :
333 857 412 889 uide
429 868 516 899 quae
533 858 578 890 ad
597 859 658 890 173
675 869 765 890 nunc
783 858 914 890 addidi.

123 909 187 941 489
210 908 277 940 Cic.
309 908 352 940 de
382 919 430 940 or.
463 918 477 940 1
505 910 570 940 214
601 909 729 949 inqenii
758 909 814 940 sui
837 908 967 950 finibus
996 908 1168 940 immensis
1194 918 1310 948 paene.
1357 907 1548 939 Democriti
1575 910 1611 938 et

78 958 218 1000 Epicuri
233 962 355 1000 ἄπειροι
372 962 483 998 κόσμοι
500 960 592 991 Plut.
609 960 695 1001 plac.
714 960 796 1001 phil.
815 969 842 991 11
860 961 874 991 1
894 959 1160 992 innumerabiles
1175 962 1268 996 sunt,
1285 969 1355 990 non
1370 959 1537 990 immensi.

123 1011 274 1044 501-505
298 1010 402 1042 Hom.
420 1011 461 1042 Il.
480 1019 573 1042 xvm
589 1012 709 1042 487-9.

123 1063 187 1094 503
209 1064 368 1093 contenta.
416 1062 498 1094 Luc.
528 1071 596 1093 vm
625 1063 731 1094 181-3
760 1062 914 1102 Canopos
931 1086 938 1093 .
956 1086 963 1093 .
980 1086 987 1093 .
1003 1061 1145 1093 australi
1172 1061 1260 1092 caelo
1286 1063 1436 1092 contenta
1462 1060 1580 1100 uaqari
1602 1059 1607 1103 Ι

76 1111 180 1143 stella.

121 1165 186 1197 504
208 1163 339 1195 diuerso
367 1167 566 1196 uertentem:
607 1165 686 1196 uide
714 1164 759 1196 ad
787 1166 848 1196 271
879 1167 915 1195 et
944 1173 986 1195 111
1016 1165 1077 1195 122
1106 1163 1287 1195 adnotata.
1339 1173 1377 1194 ex
1403 1162 1559 1194 diuerso.
1577 1186 1584 1193 .
1601 1186 1609 1194 .

76 1217 189 1245 contra
210 1213 214 1258 Ι
234 1214 352 1246 obuius
379 1218 450 1256 τρὶσ
477 1218 602 1253 ταυτὸν,
631 1219 672 1247 ut
702 1215 779 1247 Sen.
809 1215 937 1247 Phaed.
972 1216 1056 1247 1078
1084 1225 1135 1255 sq.
1168 1218 1280 1245 contra
1310 1213 1429 1245 obuius
1451 1212 1455 1256 Ι
1474 1213 1609 1251 oberrat,

77 1265 178 1298 Ouid.
203 1266 295 1298 trist.
320 1275 334 1298 1
357 1268 377 1298 2
402 1267 442 1299 13
465 1266 565 1298 uerba
586 1267 686 1298 miser
703 1267 860 1308 frustra
883 1277 960 1297 nori
978 1265 1244 1307 proficientia
1262 1264 1396 1305 perdo,
1420 1264 1487 1297 Cio.
1510 1264 1608 1296 Arat.

76 1316 118 1348 32
153 1326 206 1358 sq.
236 1317 395 1358 frustra
426 1321 563 1349 temere
595 1328 617 1348 a
650 1318 750 1358 uulqo
778 1318 933 1348 ratione
963 1317 1050 1348 sine
1078 1316 1162 1347 ulla
1184 1315 1188 1359 Ι
1207 1319 1329 1356 septem
1358 1315 1470 1347 dicier.
1520 1315 1609 1347 adde

76 1366 153 1399 Sen.
172 1368 245 1400 HJ.
263 1370 327 1400 217
343 1379 395 1410 sq.
412 1379 493 1410 quos
523 1372 659 1401 contra
690 1369 832 1400 obuius
854 1367 858 1412 Ι
878 1368 1023 1409 reptauit
1058 1367 1185 1409 insum,
1220 1366 1311 1399 Stat.
1345 1367 1452 1398 Theb.
1488 1375 1511 1398 v
1545 1367 1606 1398 651

74 1422 210 1450 contra
241 1419 329 1451 subit
360 1420 478 1451 obuia
508 1423 622 1457 mater,
649 1420 736 1451 Plin.
763 1420 833 1451 n.h.
861 1428 929 1451 vm
960 1421 1021 1451 201
1050 1418 1179 1451 duabus
1216 1418 1349 1450 obuiis
1381 1428 1396 1449 e
1426 1417 1607 1455 diuer303

73 1470 181 1502 etiam
198 1470 290 1503 Man.
308 1480 331 1502 v
348 1472 411 1503 732
429 1481 585 1512 quaeque
603 1471 651 1503 ibi
667 1471 808 1504 contuli.

121 1523 185 1555 506
209 1524 273 1556 507
296 1522 401 1554 Hom.
419 1522 460 1554 Il.
478 1531 503 1554 x
519 1523 638 1560 251-3‚
656 1523 748 1554 Man.
767 1530 805 1553 1v
821 1523 896 1554 882.

120 1574 182 1606 511
208 1575 272 1607 512
295 1573 398 1614 Prop.
416 1582 453 1604 Iv
472 1575 487 1605 1
506 1574 548 1605 53
564 1584 628 1615 sq„
648 1573 749 1605 Ouid.
767 1573 847 1605 fast.
866 1582 879 1604 1
895 1573 1014 1610 523—6,
1032 1572 1091 1604 Sil.
1110 1580 1189 1603 XVII
1205 1572 1280 1604 363.

122 1626 186 1657 51¹7
209 1624 302 1665 quod
322 1628 441 1666 gentes
462 1625 585 1657 faciem
607 1625 740 1656 uariare
760 1625 895 1666 negaui,
917 1624 1153 1665 adstipulatur
1172 1623 1377 1665 Calpurnius
1397 1622 1483 1655 decl.
1505 1623 1525 1654 2
1545 1632 1608 1653 sua

74 1674 192 1716 cuique
207 1675 295 1715 qenti
312 1675 410 1707 etiam
420 1675 528 1717 facies
544 1679 663 1707 manet.

120 1729 184 1760 519
207 1736 264 1758 uec
280 1738 287 1758 ε
313 1727 392 1759 uide
409 1737 497 1768 quae
513 1727 558 1759 ad
577 1728 638 1759 173
655 1727 785 1759 addidi.

120 1779 182 1811 521
206 1788 334 1818 semper
351 1777 423 1820 fuit
448 1778 545 1810 idem.
592 1778 693 1810 huius
719 1778 865 1810 similem
889 1777 1080 1810 clausulam
1105 1777 1142 1808 L.
1169 1776 1351 1808 Muellerus
1377 1785 1419 1807 111
1443 1777 1519 1814 423,
1545 1786 1606 1817 ego

76 1836 114 1860 1v
129 1829 194 1860 248
210 1829 323 1861 intuli.
369 1839 413 1861 ex
428 1829 561 1861 Manilii
577 1829 780 1870 aequalibus
796 1829 1020 1861 Germanicus
1035 1828 1154 1860 decem
1170 1828 1322 1864 admisit,
1340 1838 1446 1859 unam
1461 1828 1608 1868 scriptor

74 1879 286 1912 halieuticon
311 1882 348 1912 11
374 1881 505 1912 tandem
525 1884 627 1921 pauet
651 1890 733 1918 esca,
754 1881 924 1917 Grattius,
944 1883 984 1911 ut
1003 1883 1084 1911 ante
1108 1879 1251 1911 Ouidius
1273 1882 1309 1910 et
1333 1882 1412 1920 post
1436 1878 1605 1917 Lucanus,

73 1930 216 1963 nullam.
263 1934 417 1963 ceterum
439 1932 544 1963 miror
566 1932 721 1964 nondum
743 1932 899 1963 extitisse
923 1932 983 1972 qui
1006 1931 1110 1962 isdem
1133 1940 1225 1962 nom.
1249 1931 1335 1971 sing.
1359 1929 1494 1962 collatis
1517 1939 1605 1971 quae

73 1981 203 2014 Neuius
221 1991 249 2014 11
264 1993 298 2024 p.
317 1983 381 2015 390
396 1983 450 2014 ed.
468 1984 488 2015 3
505 1983 626 2015 attulit
642 1982 852 2015 defenderet.

120 2035 184 2067 529
207 2033 301 2075 quod
324 2033 482 2066 futurum
505 2034 661 2066 dixeram
684 2034 840 2066 fecerunt
863 2033 1099 2065 Thielscherus
1123 2032 1241 2074 philol.
1266 2042 1322 2064 an.
1350 2032 1432 2064 1907
1456 2041 1515 2073 pp.
1542 2032 1604 2064 107

72 2087 109 2117 et
128 2085 190 2117 129
207 2088 242 2117 et
260 2084 434 2117 Garrodus
451 2085 504 2117 ed.
523 2085 582 2116 lib.
602 2094 630 2116 11
646 2095 704 2126 pp.
724 2085 915 2122 xviiiazxv,
933 2085 1041 2116 etiam
1058 2084 1168 2115 multo
1187 2087 1268 2115 ante
1287 2083 1461 2114 Breiterus
1477 2083 1520 2114 de
1536 2093 1603 2114 em.

73 2134 165 2168 Man.
186 2146 220 2178 p.
244 2137 259 2167 1
281 2139 317 2168 et
337 2136 525 2168 Bechertus
545 2136 587 2168 de
607 2136 653 2167 M.
674 2136 766 2168 Man.
787 2146 852 2168 em.
874 2139 939 2167 rat.
961 2146 1019 2177 pp.
1037 2136 1079 2166 22
1098 2138 1135 2167 et
1154 2136 1207 2166 25.
1255 2133 1402 2166 Iacobus
1422 2133 1604 2176 archetypi

73 2187 252 2225 uocabulo,
276 2187 370 2228 quod
391 2198 461 2219 non
482 2190 594 2225 norat,
617 2187 718 2219 abuti
738 2198 808 2219 non
829 2187 956 2228 potuit.
1003 2190 1157 2218 ceterum
1178 2196 1240 2227 pro
1265 2185 1272 2198 ‘
1287 2189 1322 2217 et
1345 2184 1373 2216 G
1392 2188 1428 2216 et
1450 2184 1486 2217 Μ
1508 2186 1604 2226 (nam

71 2238 114 2270 de
130 2237 156 2269 L
171 2237 304 2278 siletur)
319 2238 326 2251 ’
345 2238 417 2280 lege
434 2237 536 2271 GLM.

119 2291 183 2323 535
206 2289 314 2321 Lucil.
332 2298 411 2320 xxx
426 2289 516 2321 Non.
534 2300 567 2331 p.
585 2290 650 2321 264
667 2292 836 2321 contentu-3
852 2292 964 2326 teneto,
982 2288 1063 2320 Luc.
1081 2297 1104 2319 v
1121 2289 1185 2319 624
1200 2290 1350 2319 contenta
1365 2287 1476 2318 teneri.

119 2342 183 2374 538
205 2343 285 2382 post
300 2340 393 2372 hunc
410 2351 548 2372 uersum
564 2340 762 2372 inserendos
779 2350 851 2372 esse
869 2341 1020 2373 805-808
1037 2339 1082 2370 ad
1098 2339 1196 2370 illum
1212 2338 1327 2370 locum
1343 2337 1541 2379 disputabo.

119 2393 183 2425 539
205 2391 274 2423 alia
289 2391 492 2423 adiectionis
507 2391 665 2433 exempla
681 2391 801 2432 collegi
816 2391 862 2422 ad
878 2399 920 2422 111
935 2391 1011 2427 496,
1028 2399 1066 2421 1v
1081 2391 1158 2427 472,
1175 2391 1250 2426 644,
1267 2389 1349 2421 Luc.
1368 2397 1381 2420 1
1398 2389 1459 2420 102
1476 2401 1483 2420 :
1513 2388 1603 2420 adde

73 2441 165 2474 Man.
183 2450 212 2473 11
226 2443 303 2480 410,
320 2451 343 2473 v
362 2444 434 2480 127,
452 2444 526 2474 584.

119 2495 183 2526 542
205 2493 286 2525 Luc.
309 2502 347 2525 VI
366 2494 430 2525 297
450 2493 565 2525 cecidit
585 2493 647 2525 PU
666 2503 728 2534 pro
747 2492 844 2525 caeci.
892 2493 929 2524 in
948 2492 1082 2524 Manilii
1101 2502 1202 2524 uersu
1221 2491 1371 2532 caecique
1391 2491 1506 2522 uisum
1525 2494 1601 2522 erat

73 2536 234 2585 caeti—tque,
251 2545 340 2576 sicut
355 2553 393 2576 1v
409 2546 472 2577 519
488 2537 599 2576 moed—t
609 2545 645 2576 in
660 2544 767 2576 iuceat
781 2544 877 2576 abiit.

119 2597 182 2629 549
206 2595 300 2636 quod
322 2595 368 2627 ad
388 2605 549 2627 numeros
571 2596 700 2627 attinet
722 2595 802 2627 uide
824 2603 852 2626 Π
876 2595 938 2626 179
960 2594 1051 2631 bina,
1074 2597 1110 2625 ut
1131 2593 1295 2634 Laniqero
1317 2596 1352 2624 et
1375 2593 1439 2624 573
1462 2592 1538 2632 leqe,
1562 2592 1600 2623 in

73 2648 308 2678 tramuersum.
356 2646 417 2678 sed
434 2646 583 2678 alterum
601 2646 757 2678 ordinem
776 2649 911 2687 praeter
929 2644 1054 2677 Moreti
1072 2654 1211 2677 uersum
1229 2643 1475 2676 commendant
1495 2642 1596 2674 Ouid.

72 2699 154 2729 met.
168 2705 212 2728 m
223 2697 284 2729 351
299 2700 346 2729 ter
357 2697 401 2729 ad
411 2697 530 2737 quinos
546 2697 668 2729 eadem
679 2707 798 2729 uersus
810 2696 889 2728 sede
901 2700 1011 2728 metro
1023 2706 1093 2728 non
1105 2698 1248 2737 cogente
1260 2696 1428 2736 scriptum
1440 2703 1598 2735 quaeque

72 2750 249 2788 praeterea
274 2748 391 2789 collegi
418 2749 455 2780 in
480 2748 640 2780 Classical
667 2747 850 2789 Quarterly
876 2758 930 2779 an.
961 2748 1045 2780 1923
1071 2758 1104 2789 p.
1135 2748 1208 2784 165,
1235 2746 1332 2778 uelut
1358 2755 1462 2777 carm.
1489 2744 1595 2785 epigr.

72 2798 199 2830 Buech.
221 2799 302 2831 1071
325 2800 339 2830 l
361 2799 411 2830 bis
428 2802 464 2830 ut
481 2802 620 2837 octorws,
639 2800 681 2830 55
702 2800 742 2831 18
759 2798 809 2830 bis
826 2798 879 2830 hic
895 2799 1033 2839 septeni,
1052 2798 1139 2830 Plin.
1159 2798 1229 2829 n.h.
1249 2805 1287 2829 1v
1305 2798 1343 2829 81
1364 2795 1414 2828 bis
1432 2794 1475 2828 ad
1492 2793 1597 2827 decies

70 2852 210 2887 centum,
227 2849 318 2882 Man.
337 2858 350 2881 1
366 2851 441 2887 588,
459 2858 487 2881 11
504 2851 576 2882 727.

825 2912 839 2935 1
