1855 3088
569 139 760 181 LIBRO
793 139 867 179 III
898 139 1204 181 ADDENDA
1576 143 1655 181 149

123 257 166 280 111
183 249 258 286 720,
271 248 360 281 Stat.
375 247 481 280 Theb.
497 256 511 279 1
527 249 603 286 314,
616 247 691 280 silu.
707 256 722 279 1
733 249 754 279 4
767 249 818 280 75.
869 247 1056 288 impendere
1072 258 1108 280 se
1124 248 1172 280 rei
1189 249 1325 280 animus
1342 248 1470 281 dicitur
1486 249 1563 282 Sen.
1583 259 1653 291 n.q.

124 307 162 331 VI
177 300 198 332 3
213 300 245 331 4.

169 352 211 384 56
233 350 406 382 editorum
416 360 559 382 numero
571 351 631 391 qui
643 350 800 382 codicum
810 350 994 382 lectionem
1004 350 1155 383 celarent
1166 351 1442 393 Wageningenus
1453 351 1656 384 eximendus

123 400 202 439 fuit,
220 402 316 433 cuius
331 401 417 433 liber
433 411 511 433 cum
527 400 587 432 illa
602 401 794 433 scribebam
810 401 965 433 nondum
981 401 1167 443 prodierat.

168 455 210 486 57
232 452 336 484 Firm.
357 461 400 484 m
416 452 525 494 praef.
545 453 565 485 3
582 455 619 484 ut
635 452 775 490 animal,
793 452 879 493 quod
896 452 939 484 ad
956 452 1176 485 imitationem
1193 453 1311 485 muudi
1323 453 1454 495 factum
1471 457 1528 492 est,
1547 453 1656 486 simili

123 502 316 535 diuinitatis
331 503 517 535 substantia
532 503 734 544 quberuetur.

169 556 209 588 61
233 554 353 586 mundi
370 554 575 595 praecordia.
623 565 744 596 papyr.
768 554 885 587 astrol.
908 555 945 587 in
971 554 1132 587 Classical
1154 555 1334 597 Philology
1355 566 1410 588 an.
1437 557 1520 589 1927
1542 567 1576 598 p.
1600 557 1655 594 22,

122 606 143 638 3
159 605 189 637 Α
207 607 258 642 10,
275 606 372 646 signa
388 606 519 637 zodiaci
534 607 603 645 [τοῦ
620 608 752 645 κόσ]μου
769 607 947 646 σπλάγχνα
964 606 1130 647 appellari
1145 607 1283 638 conieci.

169 658 210 690 63
234 656 276 688 de
292 656 450 688 euimuut
465 681 472 688 .
489 680 497 688 .
514 680 522 687 .
537 657 721 688 uincuntur
736 656 816 689 uide
832 657 878 688 ad
893 666 937 688 111
953 658 1027 689 328.

168 709 210 740 68
233 707 356 739 Catull.
383 709 424 739 64
448 709 557 740 280-2
587 718 847 749 quoscumque
869 707 985 749 ferunt
1007 708 1131 749 campi,
1163 718 1257 749 quos
1292 708 1454 741 Thessala
1486 709 1618 750 maqnis
1647 707 1653 752 Ι

122 758 289 790 montibus
304 769 363 790 ora
378 762 474 796 creat,
492 769 586 800 quos
598 762 733 800 propter
742 759 903 801 fluminis
918 759 1028 791 undas
1046 758 1050 802 Ι
1067 770 1152 791 aura
1168 760 1275 800 aperit
1280 760 1381 801 flores
1393 760 1498 801 tepidi
1509 760 1657 802 fecunda

125 809 271 847 Fauoni,
300 810 402 852 Prop.
431 819 460 842 11
489 811 529 842 16
556 811 598 843 43
626 820 676 852 sq.
706 820 969 851 quascumque
996 810 1056 842 tibi
1079 814 1195 848 uestes,
1224 821 1484 852 quoscumque
1510 822 1656 852 smaraq-

121 860 190 899 dos,
209 859 364 905 {quosue
387 860 475 893 dedit
489 861 585 903 flauo
603 861 730 893 lumine
747 861 971 903 chrysolithos,
992 861 1068 894 Sen.
1089 862 1151 903 Ag.
1175 863 1236 894 142
1258 872 1496 904 quocumque
1517 873 1568 895 me
1591 863 1657 902 ira,

121 922 194 953 quo
216 911 317 950 dolor,
341 922 413 953 quo
436 922 511 953 spes
521 912 615 954 seret.
662 913 743 945 uide
759 913 867 945 etiam
882 913 928 945 ad
943 921 987 944 ΙΠ
1005 914 1077 946 103.

168 965 208 997 '71
232 963 331 1005 Verg.
355 963 440 996 Aen.
465 972 504 995 VI
531 965 594 996 734
622 963 808 1005 dispiciunt
828 976 862 1004 γ,
885 964 1074 1005 despiciunt
1096 964 1235 1003 FMPR,
1259 965 1443 1006 respiciunt
1465 965 1487 997 b
1512 976 1529 999 ς·
1546 965 1657 998 Seruii

122 1013 258 1047 lemma.

167 1068 209 1100 80
231 1065 295 1098 alii
325 1065 495 1104 datiuum,
527 1066 622 1108 quod
651 1067 687 1098 in
716 1066 812 1098 libris
842 1065 1038 1099 Manilianis
1068 1077 1138 1099 non
1169 1070 1278 1105 extat,
1310 1078 1440 1110 paucos
1470 1070 1656 1110 poetarum

122 1117 276 1160 posuisse
292 1116 492 1149 Obseruauit
508 1117 751 1149 Lachmannus
767 1118 812 1149 ad
828 1117 927 1150 Lucr.
946 1127 985 1149 IV
1001 1119 1075 1150 637.

166 1171 209 1203 88
233 1179 268 1200 -a
283 1171 312 1201 et
327 1179 390 1210 pro
408 1179 459 1200 -ae
475 1168 608 1201 codices
624 1170 730 1201 etiam
746 1178 785 1201 1v
800 1170 865 1201 205
882 1172 917 1201 et
934 1170 1007 1202 789.

169 1222 211 1254 92
233 1219 328 1252 illius
347 1220 398 1252 ita
417 1220 485 1252 dici
503 1230 602 1262 posse
622 1223 663 1252 ut
682 1220 823 1262 Anglice
845 1220 853 1233 ‘
867 1221 952 1252 such
971 1220 1042 1252 and
1061 1221 1146 1253 such
1161 1220 1169 1234 ’
1190 1221 1314 1263 colligo
1334 1232 1376 1254 ex
1397 1221 1474 1254 Sen.
1496 1232 1549 1264 ep.
1572 1223 1614 1255 59
1635 1223 1655 1254 2

121 1270 221 1312 uulqo
236 1295 243 1303 .
260 1295 268 1303 .
285 1295 292 1303 .
308 1271 356 1303 sic
373 1270 548 1312 loquimur,
570 1274 606 1303 ut
622 1271 773 1303 dicamus
793 1282 951 1312 maquum
966 1271 1128 1312 qaudium
1144 1283 1204 1304 reos
1220 1283 1259 1305 ex
1275 1272 1392 1305 illius
1407 1273 1582 1306 consulatu
1596 1297 1604 1306 .
1621 1297 1629 1306 .
1645 1296 1654 1306 .

118 1322 315 1364 percepisse,
332 1322 397 1354 1100
413 1325 467 1354 est
485 1322 492 1335 ‘
507 1322 538 1354 le
554 1322 712 1354 consulat
728 1323 813 1355 d'un
828 1323 876 1355 tel
891 1322 911 1354 ’.

169 1376 232 1407 103
254 1373 330 1405 Tib.
356 1382 385 1405 Π
407 1375 427 1405 5
451 1375 492 1405 67
514 1384 565 1415 sq.
588 1373 783 1415 quidquid
802 1373 989 1411 Amalthea,
1011 1374 1206 1416 quidquid
1230 1374 1407 1416 Marpesia
1429 1375 1515 1408 dixit
1532 1374 1537 1419 Ι
1553 1375 1656 1408 Hero·

118 1424 222 1466 phile,
246 1424 353 1466 Phyto
375 1424 479 1456 Graia
500 1425 600 1466 quod
622 1425 806 1463 admonuit,
831 1425 908 1458 Sen.
934 1425 1007 1457 H.f.
1035 1426 1163 1458 1163—5
1186 1426 1371 1467 quisquis
1396 1426 1526 1459 Ismeni
1549 1425 1654 1470 loca‚'

121 1476 246 1508 Actaea
267 1476 453 1517 quisquis
475 1487 570 1514 arua,
592 1476 661 1517 qui
675 1476 805 1517 qemino
821 1476 909 1508 mari
930 1474 934 1520 Ι
951 1476 1089 1518 pulsata
1104 1477 1241 1518 Pelopis
1257 1487 1358 1518 requa
1376 1477 1548 1510 Dardanii
1563 1478 1656 1516 colis,

120 1527 202 1560 Luc.
224 1535 277 1559 vn
297 1528 362 1560 346
383 1537 433 1568 sq.
458 1527 642 1568 quisquis
661 1527 811 1568 patriam
826 1537 980 1568 carosque
993 1531 1141 1568 penates,
1164 1526 1169 1570 Ι
1188 1528 1256 1568 qui
1273 1528 1419 1561 subolem
1436 1539 1475 1561 <w
1493 1528 1654 1561 thalamos

119 1578 306 1620 desertaque
320 1577 464 1619 piqrwra
481 1579 619 1619 quaerit,
639 1580 702 1611 755
720 1589 770 1620 sq.
790 1578 985 1620 quidquid
1002 1579 1090 1620 fodit
1109 1579 1223 1617 Hiber,
1245 1579 1440 1621 quidquid
1466 1580 1579 1621 Taqus
1602 1590 1655 1612 ex-

118 1629 208 1671 pulit
224 1629 311 1667 auri,
335 1627 339 1673 Ι
358 1629 458 1670 quod
485 1630 560 1670 leqit
577 1629 671 1662 diues
687 1630 829 1662 summis
846 1630 1051 1671 Arimaspus
1068 1630 1213 1668 harenis,
1232 1631 1318 1664 Ciris
1337 1632 1379 1664 89
1398 1642 1448 1673 sq.
1466 1631 1657 1673 quidquid

120 1684 150 1713 et
177 1684 218 1713 ut
248 1681 326 1722 (hoc
343 1684 397 1713 est
412 1682 498 1721 utut)
515 1681 653 1722 quisque
669 1684 714 1713 est
731 1680 792 1713 tali
807 1681 846 1713 de
862 1681 952 1714 clade
969 1681 1107 1720 locutus,
1130 1680 1135 1725 Ι
1154 1685 1273 1715 cuncta
1288 1682 1411 1715 sinam.

167 1734 230 1767 107
245 1731 330 1774 fidei
344 1744 352 1764 :
377 1732 457 1764 uide
473 1732 518 1764 ad
534 1741 562 1764 11
579 1733 642 1765 605
659 1735 695 1765 et
710 1741 734 1764 V
751 1733 870 1765 696-8.

168 1785 232 1817 108
255 1783 331 1816 Sen.
349 1783 435 1825 Thy.
454 1784 517 1816 720
532 1793 582 1825 sq.
600 1794 668 1816 non
682 1786 728 1815 est
739 1793 852 1824 preces
873 1782 877 1827 Ι
904 1784 1035 1824 perire
1059 1784 1217 1826 frustra
1242 1794 1377 1825 passus,
1405 1785 1465 1818 Sil.
1494 1793 1560 1817 xvr
1591 1786 1657 1818 508

121 1834 358 1876 nequiquam
387 1844 494 1866 uana
524 1834 686 1867 laborans.
742 1834 842 1867 aliter
872 1834 954 1867 Luc.
987 1844 1040 1867 vn
1071 1836 1134 1868 730
1169 1845 1220 1877 sq.
1250 1836 1402 1877 peritura
1419 1860 1426 1869 .
1446 1860 1454 1868 .
1473 1860 1481 1868 .
1494 1836 1626 1878 frustra
1647 1834 1654 1880 Ι

121 1895 266 1927 aqmma.

167 1940 231 1971 115
253 1945 276 1968 v
289 1938 354 1969 415
369 1936 434 1968 alto
447 1936 506 1978 qui
519 1936 631 1978 iurqia
641 1940 769 1978 pectore
783 1937 882 1969 tollat.
930 1940 1084 1970 ceterum
1098 1938 1210 1978 iurqia
1218 1937 1329 1980 fronte
1342 1949 1487 1980 expensa
1500 1939 1654 1981 quodam

121 1988 225 2021 modo
237 1991 357 2020 tuetur
369 1987 444 2020 Val.
459 1988 550 2020 Max.
566 1997 595 2020 11
608 1989 628 2021 9
640 1988 746 2030 praef.
760 1988 909 2029 probitas
922 1991 950 2020 et
962 1989 1166 2021 continentia
1178 1989 1325 2022 censorio
1339 1990 1418 2031 (1100
1431 1993 1484 2022 est
1496 1990 1656 2031 censoris)

121 2039 299 2081 supercilio
316 2039 516 2071 examinata.

167 2093 229 2124 121
253 2100 306 2132 sq.
322 2090 399 2122 Sen.
415 2090 457 2122 de
471 2090 547 2122 ben.
563 2099 592 2122 11
604 2091 643 2122 21
660 2092 679 2122 2
693 2090 889 2129 amicitiam,
903 2101 986 2132 quae
999 2090 1126 2123 similes
1139 2091 1257 2132 iunqit.
1306 2095 1460 2124 ceterum
1472 2092 1656 2135 Wagenin-

121 2152 228 2184 genus
242 2143 279 2174 in
293 2152 412 2174 museo
427 2152 482 2174 an.
502 2143 585 2174 1917
600 2152 633 2183 p.
652 2143 694 2174 85
711 2142 719 2155 ‘
734 2141 946 2174 Housman's
961 2143 1164 2183 conjectuur
1178 2143 1291 2175 houdt
1305 2153 1390 2185 geen
1405 2144 1569 2186 rekening
1584 2147 1658 2176 met

121 2196 150 2225 et
168 2193 288 2225 achter
307 2192 458 2234 iunqitur
473 2192 481 2207 ’
498 2205 505 2225 ε
539 2192 669 2225 scilicet
686 2203 811 2235 parum
830 2196 922 2226 recte
942 2193 1068 2225 dicitur
1087 2194 1290 2226 committens
1309 2194 1387 2226 iura
1406 2198 1435 2227 et
1453 2195 1658 2236 coniunqens

121 2254 255 2277 amicos.

168 2297 230 2329 131
254 2295 343 2327 adde
367 2295 442 2328 Val.
468 2295 561 2328 Max.
587 2304 616 2328 11
642 2296 682 2328 10
706 2295 814 2338 praef.
841 2295 997 2327 maiestas
1012 2320 1019 2328 .
1036 2319 1044 2328 .
1061 2319 1069 2328 .
1085 2296 1321 2328 admirationis
1343 2300 1510 2338 praetexto
1534 2297 1657 2336 uelata,

121 2356 226 2388 quem
241 2346 356 2379 10011111
371 2357 451 2379 011111
466 2357 548 2379 casu
564 2347 755 2379 omisissem
769 2347 1046 2388 Wageningenus
1061 2357 1141 2379 eum
1157 2358 1237 2379 cum
1252 2349 1374 2380 ceteris
1390 2359 1451 2381 sex
1466 2349 1658 2382 exscribere

122 2408 192 2430 11011
207 2399 335 2440 potuit.

169 2451 233 2482 136
258 2449 265 2462 ‘
280 2449 387 2481 etiam
402 2449 438 2481 in
453 2448 490 2481 M
505 2449 596 2481 inest
611 2449 674 2491 q'q,
691 2449 755 2481 hoc
771 2452 824 2481 est
840 2459 975 2490 quoque,
992 2459 1062 2481 non
1078 2459 1150 2490 que,
1167 2453 1208 2482 ut
1225 2450 1449 2483 Housmanus
1471 2451 1635 2494 opinatur
1649 2450 1658 2465 ’

122 2500 407 2542 Wageningenus,
428 2501 488 2542 qui
507 2501 590 2542 quia
608 2511 671 2533 neo
691 2500 844 2533 codicem
864 2510 970 2533 manu
990 2501 1159 2542 scriptum
1177 2512 1240 2534 nec
1261 2505 1471 2544 apparatum
1497 2503 1658 2535 criticum

122 2551 169 2583 ad
190 2552 274 2583 artis
296 2551 449 2594 regulam
472 2552 703 2594 compositum
724 2551 834 2593 legere
856 2551 1035 2590 didicerat,
1059 2552 1101 2584 de
1123 2552 1160 2584 M
1181 2552 1308 2585 falsum
1330 2553 1478 2592 rettulit,
1503 2564 1558 2586 me
1584 2564 1655 2586 non

123 2602 305 2636 intellexit.
352 2603 413 2635 ubi
437 2603 473 2635 in
497 2606 665 2635 contextu
689 2603 851 2635 editionis
875 2613 972 2635 meae
995 2613 1106 2644 quam,
1132 2603 1180 2636 ibi
1204 2604 1241 2636 in
1265 2604 1302 2637 M
1325 2605 1569 2647 compendium
1597 2615 1659 2646 que

126 2653 322 2695 significans
352 2654 520 2696 scriptum
550 2664 622 2686 esse
652 2664 788 2686 mecum
818 2655 1040 2686 consentiunt
1070 2654 1225 2687 Loewius
1255 2659 1292 2688 et
1322 2656 1434 2688 scriba
1468 2656 1659 2698 apographi

123 2704 205 2736 Vrb.
223 2705 297 2737 668.
345 2708 498 2737 ceterum
513 2705 672 2746 quaelibet
686 2715 749 2747 pro
763 2705 940 2746 quamlibet
955 2705 1057 2738 multi
1073 2706 1190 2738 Ouidii
1205 2706 1338 2739 codices
1353 2707 1423 2739 her.
1442 2716 1480 2739 VI
1495 2709 1514 2739 7
1529 2710 1566 2739 et
1582 2708 1656 2739 140.

124 2758 166 2788 ut
175 2756 231 2788 hic
241 2765 342 2797 quam
356 2779 364 2788 .
380 2780 389 2788 .
405 2780 413 2788 .
430 2759 523 2794 certo,
537 2757 587 2788 ita
599 2765 628 2788 11
639 2757 703 2789 593
714 2766 814 2797 quam
828 2780 836 2788 .
852 2780 861 2789 .
877 2780 886 2789 .
901 2767 970 2789 non
981 2757 1175 2795 excusabile,
1189 2766 1232 2789 111
1246 2759 1307 2790 100
1319 2768 1420 2798 quam
1434 2782 1441 2790 .
1459 2782 1466 2790 .
1483 2782 1491 2790 .
1506 2768 1656 2798 magnas.

171 2809 234 2841 143
257 2807 300 2839 de
322 2807 544 2840 substantiuo
566 2810 602 2840 et
624 2807 797 2840 infinitiuo
819 2818 862 2840 ex
885 2818 996 2850 aequo
1019 2809 1142 2851 positis
1164 2808 1244 2841 uide
1266 2809 1312 2841 ad
1334 2817 1372 2841 Π
1394 2810 1460 2842 285
1487 2809 1658 2842 adnotata

125 2861 162 2891 et
177 2866 200 2891 v
215 2859 280 2892 272
296 2868 348 2900 sq.
