1855 3088
148 51 205 123 ⁵88
741 82 803 125 M.
836 82 1088 125 MANILII

310 198 433 236 nocte
453 193 531 235 sub
551 198 740 235 extrema
760 194 1019 249 promittunt
1037 194 1129 236 iura
1148 194 1262 247 diei‚]

309 282 394 309 non
413 268 582 309 inimica
601 269 713 310 ferae
732 269 809 310 tali
829 269 907 310 sub
927 274 1116 323 tempore
1136 269 1248 311 natis

186 349 253 380 700
308 356 381 383 ora
401 342 549 392 ferent,
571 342 841 398 placidasque
860 348 1006 398 regent
1026 344 1274 385 commercia
1294 344 1443 399 gentis.

308 416 376 458 ille
395 431 526 458 manu
544 422 690 458 uastos
708 418 867 472 poterit
886 417 1048 459 frenare
1068 418 1207 459 leones

308 496 352 532 et
371 491 542 546 palpare
562 492 695 546 lupos,
717 491 934 546 pantheris
954 492 1096 533 ludere
1116 492 1264 547 captis,

308 580 384 607 nec
403 565 537 620 fugiet
555 566 719 607 ualidas
739 566 908 621 cognati
927 566 1072 608 sideris
1091 581 1210 608 ursas

304 640 432 695 inque
451 645 563 681 artes
583 640 804 682 hominum
822 655 1102 696 peruersaque
1121 655 1296 682 munera
1316 640 1443 682 ducet
1462 655 1471 690 ;

183 721 250 753 705
305 714 373 756 ille
393 714 618 769 elephanta
637 720 801 770 premet
821 716 944 757 dorso
964 715 1228 770 stimulisque
1247 715 1439 757 monebit

139 850 261 882 genus,
287 840 323 872 id
346 844 409 879 est,
435 851 522 883 quos
547 841 696 883 Scaliger
720 852 740 873 a
764 852 799 873 se
824 841 1037 874 dissensuros
1060 842 1292 883 praedixerat,
1320 841 1456 873 ‘rerum
1480 841 1681 873 caelestium

142 892 325 933 imperiti'.
373 903 443 924 non
472 893 555 934 legit
586 893 648 924 hos
674 903 793 924 uersus
818 893 997 931 Firmicus,
1025 894 1119 935 apud
1145 904 1249 934 quem
1275 902 1343 925 VIII
1370 894 1410 925 17
1438 894 1457 924 6
1484 893 1682 934 Cynosurae

143 942 267 974 Leonis
293 943 425 985 Scorpii
450 945 582 975 mentio
607 944 703 975 nulla
728 947 803 975 est:
844 945 978 976 accedit
1004 948 1044 976 ut
1069 948 1175 986 poeta
1200 945 1272 986 ipse
1299 955 1400 976 uersu
1428 945 1490 976 703
1517 943 1682 985 singulari

142 1004 286 1026 numero
315 995 435 1026 sideris
464 995 600 1026 dixerit.
649 995 880 1036 interpolator
907 996 1097 1027 ferinorum
1127 996 1288 1033 siderum,
1319 1006 1409 1036 quae
1438 995 1681 1026 mansuetariis

141 1046 321 1086 gignendis
352 1050 436 1087 apta
467 1047 678 1083 uiderentur,
710 1047 852 1078 nomina
882 1047 1128 1088 intempestiue
1158 1047 1289 1083 intulit,
1321 1046 1428 1078 uerba
1458 1046 1604 1078 fortasse
1635 1046 1680 1078 ab

142 1097 242 1128 Arati
264 1097 340 1128 loco
363 1107 488 1139 parum
510 1097 688 1129 intellecto
711 1101 905 1135 mutuatus,
930 1108 1035 1139 quem
1058 1098 1208 1139 Scaliger
1231 1099 1405 1139 apposuit,
1429 1099 1493 1130 303
1517 1108 1567 1139 sq.
1593 1100 1681 1136 σῆμα

144 1150 177 1179 δέ
208 1161 256 1180 τοι
289 1151 397 1187 κείνησ·
430 1151 515 1189 ὥρησ
547 1152 598 1180 καῖ
628 1151 731 1187 μηνὸσ
761 1151 877 1181 ἐκείνου
905 1151 999 1189 (cum
1026 1150 1076 1181 sol
1101 1150 1138 1181 in
1164 1150 1353 1191 Sagittario
1379 1151 1445 1189 est)
1468 1148 1472 1192 Ι
1493 1151 1680 1189 Σκορπίοσ

142 1202 331 1231 ἀντέλλων
357 1203 403 1239 εἴη
428 1202 604 1239 πυμάτησ
628 1203 688 1232 ἐπὶ
716 1203 863 1239 νυκτόσ,
889 1202 955 1233 308
978 1211 1027 1242 sq.
1054 1203 1157 1239 τῆμοσ
1181 1204 1232 1232 καὶ
1256 1203 1381 1241 κεφαλὴ
1406 1202 1680 1241 Κυνοσουρὶδοσ

142 1253 271 1292 ἀκρόθι
294 1254 423 1283 νυκτὸσ
441 1249 446 1294 Ι
464 1255 518 1293 ὕψι
538 1254 627 1291 μάλα
646 1254 787 1292 τροχάει.
836 1254 865 1284 is
881 1263 962 1284 uero
978 1263 1088 1294 paene
1105 1262 1246 1294 operam
1262 1252 1395 1284 dedisse
1408 1252 1547 1284 uidetur
1559 1262 1601 1283 ne
1617 1262 1680 1293 pro

142 1302 284 1334 Manilio
312 1303 521 1335 haberetur:
565 1307 621 1335 tot
650 1303 837 1345 singularia
864 1304 901 1335 in
930 1307 1000 1335 tres
1030 1314 1149 1335 uersus
1179 1304 1359 1345 congessit.
1406 1304 1559 1345 primum
1587 1303 1680 1334 enim

140 1354 188 1386 leo
210 1354 360 1392 finalem,
383 1365 462 1386 cum
483 1356 617 1386 sexiens
639 1365 698 1387 seu
719 1356 836 1397 potius
857 1356 1001 1387 nouiens
1023 1356 1197 1396 corripiat,
1220 1355 1325 1386 semel
1345 1365 1447 1386 uersu
1468 1364 1496 1386 II
1517 1355 1582 1386 229
1602 1365 1680 1396 pro-

141 1406 249 1443 ducit,
282 1406 342 1438 ubi
372 1408 559 1447 requiritur
590 1407 799 1444 coniunctio,
831 1417 901 1448 qua
932 1407 1069 1438 adiecta
1099 1407 1229 1438 uocalis
1259 1407 1409 1438 eliditur.
1458 1406 1581 1438 deinde
1612 1406 1681 1437 diei

142 1457 263 1488 datiuo
294 1468 376 1489 casu
406 1458 521 1489 nullus
551 1462 657 1499 poeta
686 1458 797 1490 tribus
827 1458 970 1499 syllabis
1000 1458 1150 1496 extulit3
1194 1468 1409 1499 quamquam
1438 1458 1503 1489 hoc
1533 1457 1681 1489 fortasse

141 1508 186 1540 ab
206 1519 246 1540 eo
265 1509 325 1549 qui
344 1517 387 1540 III
408 1510 470 1540 107
483 1509 568 1550 fidei
586 1510 741 1551 posuerit
759 1520 829 1541 non
848 1509 951 1551 plane
970 1509 1143 1541 abhorret.
1192 1512 1270 1541 tum
1288 1520 1329 1541 ue
1344 1533 1351 1541 .
1369 1534 1375 1541 .
1393 1534 1400 1540 .
1417 1509 1471 1541 uel
1488 1508 1680 1550 particulae

140 1560 232 1591 inter
246 1570 280 1591 se
295 1560 435 1597 relatae,
452 1564 492 1592 ut
506 1571 583 1591 raro
598 1561 750 1597 omnino,
767 1561 817 1592 ita
831 1571 1005 1601 nusquam
1019 1564 1198 1602 praeterea
1212 1561 1248 1592 in
1261 1561 1326 1592 hoc
1341 1561 1492 1592 carmine
1507 1560 1680 1602 reperiun-

140 1614 199 1643 tur
290 1614 354 1644 698
380 1612 579 1652 promittunt
608 1612 685 1643 iura
714 1612 792 1649 diei,
824 1612 891 1643 diei
920 1613 1134 1653 promittunt
1161 1615 1301 1643 noctem
1330 1613 1361 1643 ei
1390 1612 1432 1643 de
1462 1612 1547 1643 caeli
1575 1621 1680 1653 regno

141 1662 359 1694 decessuram
390 1672 469 1694 cum
500 1662 552 1694 sol
582 1663 618 1694 in
650 1663 788 1704 Virgine
820 1663 1054 1704 Sagittarioue
1084 1664 1219 1705 positus
1250 1663 1436 1694 surrexerit
1527 1665 1680 1696 699—709

139 1714 309 1745 similibus
340 1714 474 1745 artibus
505 1714 680 1755 praeditos
712 1714 920 1756 Sagittarius
951 1718 1046 1746 creat
1076 1722 1115 1745 IV
1145 1715 1265 1746 234-7.
1314 1714 1442 1746 Seneca
1473 1724 1525 1755 ep.
1560 1714 1602 1745 85
1636 1714 1675 1745 41

139 1766 218 1797 certi
231 1770 309 1797 sunt
323 1765 496 1796 domitores
504 1765 668 1806 serarum,
682 1766 741 1806 qui
754 1766 955 1797 saeuissima
970 1766 1135 1797 animalia
1150 1770 1178 1797 et
1192 1765 1235 1797 ad
1248 1776 1419 1797 occursum
1433 1764 1682 1805 expauescenda

140 1817 307 1848 hominem
322 1817 398 1857 pati
414 1818 572 1857 subiyunt
590 1827 648 1848 nec
666 1818 877 1857 asperitatem
895 1818 1076 1849 excussisse
1094 1818 1236 1849 contenti
1254 1828 1356 1858 usque
1375 1818 1413 1849 in
1430 1817 1681 1848 contubernium

141 1868 295 1908 mitiqant
314 1879 324 1899 .·
370 1868 519 1900 leonibus
552 1869 707 1909 maqister
740 1879 879 1900 manum
913 1869 1060 1905 insertat,
1094 1869 1262 1900 osculatur
1295 1868 1408 1908 tiqrim
1440 1878 1523 1899 suus
1559 1871 1678 1904 custos,

140 1920 351 1960 elephantum
375 1920 538 1951 minimus
562 1920 723 1960 Aethiops
748 1921 835 1951 iubet
857 1920 1025 1951 subsidere
1049 1920 1087 1951 in
1109 1930 1218 1960 yenua
1241 1924 1269 1951 et
1293 1920 1461 1951 ambulare
1481 1930 1542 1960 per
1559 1919 1680 1960 funem

230 1973 294 2004 699
315 1970 408 2002 ferae
431 1971 591 2012 Scaliger,
615 1971 686 2003 fere
707 1971 798 2009 libri,
822 1972 917 2013 quod
939 1972 1130 2013 superiores
1153 1975 1368 2003 transuersos
1391 1974 1530 2012 egerat3
1567 1980 1679 2011 neque

140 2021 186 2054 ab
210 2023 257 2053 eis
280 2022 393 2053 factas
414 2023 626 2054 mutationes
648 2022 798 2064 Scaliger
818 2023 963 2064 expulit,
985 2023 1046 2054 sed
1070 2022 1247 2054 Bentleius
1350 2033 1417 2054 non
1439 2021 1579 2053 inimica
1594 2020 1682 2062 facit

139 2077 330 2114 serpentum
354 2074 497 2105 membra
520 2074 637 2106 creatis
660 2074 861 2116 Ophiuchus
880 2075 941 2106 391
1037 2077 1100 2107 700
1117 2083 1177 2106 ora
1192 2073 1217 2105 L
1236 2084 1279 2105 ex
1298 2084 1395 2111 corr„
1415 2073 1501 2105 hora
1519 2072 1584 2104 GM
1603 2072 1677 2104 cod.

140 2125 294 2156 Venetus
324 2129 359 2157 et
389 2129 471 2157 ante
501 2136 586 2157 corr.
618 2125 644 2157 L
734 2125 899 2157 comertia
929 2124 994 2163 GL,
1026 2124 1198 2166 comergia
1226 2125 1262 2156 M
1349 2124 1503 2165 placidas
1533 2124 1680 2156 reddent

139 2180 316 2217 reqentque
331 2176 525 2208 commercia
540 2177 664 2208 horum
679 2177 860 2208 hominum
875 2180 983 2216 ¹centes
999 2176 1151 2208 ferarum
1171 2178 1199 2217 (Ι
1217 2177 1307 2216 236).
1356 2176 1515 2217 Pingraei
1530 2184 1679 2206 errorem

138 2227 375 2259 incredibilem
409 2228 558 2259 dicerem
591 2228 657 2259 nisi
691 2228 869 2259 credulum
903 2228 1091 2259 inuenisset
1126 2227 1422 2268 Wageningenum
1514 2229 1576 2260 701
1612 2225 1679 2263 ille,

140 2278 205 2310 tali
227 2278 292 2309 sub
316 2282 473 2319 tempore
496 2282 613 2316 natuS,
638 2289 853 2320 quamquam
877 2278 1065 2310 antecessit
1087 2278 1242 2320 pluralis,
1266 2282 1308 2310 ut
1332 2279 1407 2315 527,
1432 2277 1493 2309 ubi
1516 2276 1596 2308 uide
1619 2276 1679 2308 ad-

140 2332 275 2361 notata.
323 2340 406 2361 nam
429 2330 484 2361 ille
502 2355 508 2361 .
529 2354 535 2361 .
555 2354 562 2361 .
582 2330 638 2361 ille
655 2355 661 2361 .
682 2355 688 2361 .
709 2354 716 2361 .
735 2330 791 2362 ille
814 2331 993 2372 anaphora
1016 2333 1080 2367 est,
1104 2340 1185 2367 non,
1214 2332 1255 2361 ut
1287 2330 1418 2366 162-71,
1447 2328 1591 2370 partitio

186 2381 317 2412 Plinius
341 2381 410 2412 n.h.
438 2390 506 2412 VIII
530 2383 572 2413 55
596 2382 672 2422 iuqo
696 2381 843 2413 subdidit
867 2392 920 2413 eos
943 2381 1087 2422 (leones)
1110 2381 1306 2421 primusque
1332 2381 1456 2412 Romae
1480 2379 1523 2411 ad
1546 2388 1681 2410 currum

141 2432 254 2464 iunxit
285 2433 337 2464 M.
370 2433 541 2464 Antonius
633 2434 698 2466 702
724 2433 898 2473 pantheris
929 2433 1050 2469 ludere,
1083 2435 1266 2472 tamquam
1297 2432 1325 2463 si
1356 2442 1416 2463 eae
1446 2431 1680 2462 instrumenta

142 2494 182 2515 ac
211 2494 281 2514 non
310 2484 453 2514 comites
482 2483 577 2515 lusus
605 2485 686 2521 sint,
717 2484 1013 2525 quemadmodum
1043 2483 1170 2515 dicitur
1198 2483 1350 2520 nucibus,
1377 2482 1454 2523 pila
1482 2482 1592 2513 ludere

188 2537 252 2568 '703
268 2535 397 2574 coqnati
412 2534 542 2572 sideris,
560 2545 657 2566 ursas
673 2536 765 2566 enim
782 2536 868 2567 Vrsa
882 2535 948 2567 sibi
964 2538 1113 2576 cognata
1130 2535 1232 2566 belua
1247 2535 1343 2566 nasci
1359 2533 1522 2565 credibile
1538 2536 1591 2564 est

188 2588 252 2619 ’704
264 2585 364 2617 ducet
376 2585 456 2624 GL2,
470 2585 554 2617 duce
567 2586 630 2617 LM
720 2587 890 2618 Isocrates
904 2595 953 2617 XV
965 2587 1030 2618 213
1048 2589 1241 2626 θεωροῦντεσ
1254 2588 1285 2617 ἐν
1302 2588 1372 2617 τοῖο·
1387 2588 1525 2623 θαύμασι
1540 2608 1546 2616 .
1567 2608 1574 2615 .
1594 2608 1601 2615 .
1615 2585 1678 2615 τὰσ

143 2662 150 2669 .
171 2662 177 2669 .
198 2661 204 2668 .
223 2640 359 2677 ἄρκτουσ
379 2640 630 2675 καλινδουμένασ
651 2640 701 2669 καὶ
721 2642 928 2669 παλαιούσασ
950 2641 1002 2669 καὶ
1024 2639 1222 2676 μιμουμένασ
1240 2639 1303 2668 τὰσ
1321 2639 1477 2677 ἡμετέρασ
1494 2637 1678 2673 ἐπιστήμασ

238 2691 302 2722 ’705
317 2688 416 2720 dorso
431 2688 578 2720 stimulis
594 2688 675 2727 GL2,
692 2689 808 2720 dorsos
823 2689 953 2721 timuh's
968 2688 1015 2726 M,
1028 2689 1145 2720 dorsos
1156 2687 1298 2720 tumulis
1310 2688 1336 2719 L
1426 2686 1568 2718 monebit
1580 2686 1676 2717 Voss.

143 2741 206 2772 390
232 2743 267 2771 et
293 2739 469 2771 Bentleius
495 2739 622 2771 collato
648 2740 748 2772 Ouid.
775 2740 866 2772 trist.
893 2749 931 2771 IV
957 2741 976 2771 6
1003 2741 1021 2771 7
1047 2750 1097 2781 sq.
1123 2740 1180 2771 sui
1204 2739 1341 2771 monitis
1364 2738 1561 2778 obtemperat
1588 2736 1678 2768 Inda

142 2791 295 2831 maqistri
316 2788 320 2832 Ι
339 2791 445 2828 belua,
473 2794 514 2823 ut
540 2802 610 2823 non
638 2791 727 2823 male
753 2792 804 2823 ita
832 2792 946 2824 minus
974 2791 1060 2823 bene
1151 2793 1215 2825 '706
1240 2789 1376 2832 punctis
1403 2789 1568 2822 Barthius
1595 2788 1674 2820 adu.
