1855 3088
580 121 1063 166 ASTRONOMICON
1093 121 1134 163 V
1570 120 1623 159 39

255 237 455 279 mittebat
474 251 621 278 saeuos
640 236 755 291 ignes
775 249 882 290 quae
901 234 1013 276 mille
1033 232 1196 275 carinis.

256 312 322 353 hic
343 316 498 352 sortem
517 310 716 365 pharetra
735 309 882 351 Troiae
902 308 1082 362 bellique
1101 306 1274 362 gerebat

255 385 388 426 maior
407 390 451 426 et
469 384 643 426 armatis
662 383 795 425 hostis
815 383 1061 424 subsederat
1080 381 1189 422 exul.

257 459 359 515 quin
378 459 508 500 etiam
526 458 594 499 ille
613 463 734 513 pater
752 457 830 499 tali
849 457 901 498 de
920 456 1053 497 sidere
1072 461 1211 496 cretus

135 541 202 573 305
257 548 344 575 esse
363 537 518 588 potest,
540 532 613 587 qui
631 536 869 587 serpentem
888 545 1012 585 super
1031 544 1104 571 ora
1124 528 1352 570 cubantem

257 607 403 649 inielix
420 607 512 648 nati
532 620 810 661 semumque
829 605 1099 658 animamque
1118 602 1335 644 bibentem

258 681 459 723 sustinuit
478 681 604 722 misso
624 685 765 736 petere
785 694 834 721 ae
853 684 1113 734 prosternere
1133 677 1231 719 telo.

259 770 325 797 ars
345 760 436 797 erat
455 769 542 797 esse
561 760 727 810 patrem
746 769 754 804 ;
790 753 894 795 uicit
913 757 1066 794 natura
1085 750 1288 806 periclum

259 835 303 872 et
321 830 478 885 pariter
496 829 692 871 iuuenem
711 842 942 882 somnoque
961 841 1010 868 ac
1030 831 1165 867 morte
1184 824 1346 867 leuauit

135 912 203 945 310
257 909 359 946 tunc
379 904 534 945 iterum
552 909 703 945 natum
723 907 766 944 et
785 902 875 944 fato
896 916 969 957 per
988 900 1151 942 somnia
1170 905 1354 954 raptum.

313 983 372 1029 at,
393 992 491 1020 cum
509 977 678 1020 secretis
697 977 943 1032 inprouidus
962 975 1138 1016 Haedus
1156 974 1201 1015 in
1220 973 1352 1015 antris

100 1145 152 1177 ed.
178 1146 198 1176 2
222 1155 255 1186 p.
280 1145 346 1176 436
370 1144 555 1176 Stoeberus
579 1144 766 1184 Pingraeus
791 1141 978 1174 adserendo
1002 1141 1101 1182 Verg.
1128 1140 1212 1171 Aen.
1239 1148 1294 1170 XII
1319 1140 1382 1170 815
1406 1148 1474 1170 non
1497 1141 1533 1169 ut
1556 1137 1631 1169 tela

101 1200 221 1233 tamen,
238 1207 305 1227 mm
321 1199 357 1227 ut
372 1195 573 1227 contenderet
597 1205 743 1231 arcum,
769 1194 824 1225 cui
841 1193 916 1224 loco
934 1192 1023 1224 adde
1048 1192 1148 1224 Ouid.
1168 1192 1257 1222 trist.
1278 1201 1301 1221 v
1320 1192 1338 1221 7
1360 1192 1399 1221 15
1418 1200 1467 1230 sq.
1488 1200 1602 1220 arcum
1625 1187 1628 1231 Ι

100 1247 224 1288 telaque
251 1250 286 1278 et
313 1247 402 1279 Stat.
431 1247 538 1278 Theb.
567 1255 607 1277 1x
635 1247 695 1277 721
727 1245 841 1276 tela..
861 1269 868 1276 .
887 1253 1072 1283 arcumque.
1115 1242 1208 1283 faces
1235 1241 1425 1281 taedamque
1452 1241 1633 1272 coniunxit

102 1299 220 1330 Liuius
240 1307 317 1329 XLII
337 1299 378 1329 64
398 1299 418 1330 3
510 1300 572 1331 301
593 1305 715 1328 saeuos
736 1296 874 1327 Ellisius
893 1298 986 1326 noct.
1008 1295 1100 1325 Man.
1122 1304 1155 1335 p.
1180 1294 1253 1329 179,
1275 1301 1339 1333 que
1359 1301 1439 1324 suos
1458 1292 1546 1329 libri,
1568 1292 1634 1322 nisi

101 1350 196 1391 quod
222 1360 284 1391 pro
311 1349 515 1390 mittebatque
542 1348 616 1380 cod.
645 1348 798 1379 Venetus
825 1347 914 1378 mitte
1005 1354 1092 1386 quae
1116 1345 1146 1383 *‚
1170 1344 1228 1385 qui
1251 1343 1421 1385 Scaligero
1445 1346 1634 1385 praeeunte

103 1401 252 1438 Ellisius,
273 1402 306 1432 et
323 1400 401 1432 libri
491 1401 659 1441 scriptum
677 1400 793 1430 fuerat
812 1398 956 1429 mittebat
974 1407 1052 1428 suos
1072 1397 1224 1436 iynesque
1243 1395 1333 1426 mille
1352 1395 1489 1431 carinis,
1511 1394 1634 1425 deinde

103 1455 214 1484 metro
234 1451 431 1483 consultum
451 1454 513 1483 est.
561 1451 783 1482 enuntiatum
803 1449 1001 1485 relatiuum‚
1022 1447 1116 1489 quod
1134 1448 1170 1478 in
1186 1446 1295 1478 Ellisii
1311 1446 1457 1477 lectione
1474 1446 1635 1476 Hectoris

103 1504 235 1535 nomini
265 1503 489 1534 subiunctum
520 1502 668 1533 adiectio
699 1504 774 1533 erat
805 1501 945 1532 minime
976 1499 1167 1531 necessaria
1198 1498 1291 1538 (uide
1323 1497 1424 1530 Ouid.
1457 1507 1499 1528 ex
1530 1497 1632 1528 Pont.

103 1563 141 1586 IV
167 1556 186 1586 7
212 1555 251 1585 41
280 1555 358 1595 sq.)‚
385 1564 477 1585 nunc
502 1553 592 1584 illius
619 1552 747 1584 taedam
773 1551 928 1583 definitio
954 1551 1004 1582 fit.
1053 1549 1197 1581 mittebat
1223 1549 1314 1589 iynes
1339 1548 1434 1580 nullo
1460 1548 1563 1579 modo
1590 1548 1635 1580 ad

103 1606 273 1637 Teucrum
294 1605 411 1636 referri
432 1615 532 1646 posse
552 1604 724 1636 intellexit
746 1603 906 1644 Scaliger,
929 1602 989 1633 sed
1010 1612 1072 1633 nec
1093 1601 1184 1632 illius
1205 1611 1267 1632 nec
1290 1603 1481 1632 ceterorum
1504 1600 1635 1630 coniec-

102 1660 202 1688 turae
218 1657 393 1688 mentione
409 1656 532 1697 dignae
547 1658 639 1687 sunt.
688 1654 866 1686 Bentleius
881 1663 1020 1685 uersum
1036 1652 1165 1684 deleuit
1256 1654 1320 1685 302
1335 1653 1462 1682 sortem
1476 1650 1636 1692 pharetra

104 1708 292 1745 Bentleius,
316 1709 428 1739 ortam
449 1707 645 1748 pharetram
667 1705 733 1744 GL,
757 1707 832 1737 orta
853 1704 1049 1746 inpharetro
1070 1703 1107 1735 M
1196 1702 1276 1735 belli
1297 1702 1485 1739 Bentleius‚
1508 1701 1636 1733 bellum

105 1759 183 1790 libri
213 1762 355 1800 propter
384 1759 510 1798 yerebat
601 1760 665 1791 303
697 1757 827 1788 ‘maior
854 1756 1004 1792 armatis,
1032 1755 1114 1796 quia
1138 1757 1272 1793 τοξόται,
1297 1754 1357 1794 qui
1381 1764 1499 1784 arcum
1524 1757 1635 1794 gesta-

106 1810 203 1847 bant,
225 1813 338 1841 cetera
361 1810 507 1841 inermes
530 1812 630 1840 erant
646 1809 653 1821 ’
678 1808 856 1840 Bentleius
880 1807 1013 1838 collatis
1037 1806 1141 1847 Soph.
1162 1806 1215 1836 Ai.
1240 1806 1367 1836 1120-3
1395 1805 1440 1835 M.
1463 1806 1478 1835 ὁ
1501 1807 1635 1843 τοξότησ

107 1864 205 1893 ἔοικεν
233 1864 267 1893 οὐ
295 1862 423 1901 σμικρὸν
452 1863 576 1900 φρονεῖν
594 1885 600 1891 .
621 1885 627 1891 .
649 1885 655 1891 .
674 1859 745 1899 μέγ’
774 1861 811 1890 ἄν
839 1872 868 1889 τι
896 1861 1110 1896 κομπάσειασ,
1138 1856 1247 1888 ἀσπίδ’
1275 1858 1302 1887 εἰ
1332 1858 1459 1896 λάβοισ.
1510 1858 1543 1887 T.
1578 1858 1635 1887 κᾶν

108 1915 207 1953 ψιλὸσ
233 1914 398 1953 ἀρκέσαιμι
426 1914 474 1943 σοί
502 1912 533 1949 ’γ’
562 1912 751 1949 ὡπλισμένῳ
843 1909 1051 1940 ‘subsederat
1074 1908 1159 1945 erut,
1184 1907 1388 1939 substiterat
1414 1907 1450 1938 in
1481 1907 1613 1938 Lemno
1630 1907 1637 1919 ’

106 1964 210 2001 idem,
232 1966 272 1995 ut
293 1964 363 1994 iam
384 1963 549 1994 Barthius
569 1962 649 1993 adu.
672 1972 705 2003 p.
728 1963 792 1992 257
809 1973 817 1998 ;
851 1971 933 1992 nam
954 1959 1103 2001 Scaliger
1124 1959 1225 1990 docte
1246 1969 1357 1990 errare
1378 1958 1549 1989 maluerat

154 2017 305 2048 304-307
332 2014 452 2046 fabula
480 2014 522 2045 de
550 2013 679 2044 Alcone
706 2012 909 2044 Atheniensi
938 2011 1074 2042 Phaleri
1101 2011 1202 2042 unius
1231 2020 1273 2041 ex
1301 2009 1511 2050 Argonautis
1539 2012 1639 2051 patre

107 2067 180 2098 siue
202 2066 355 2098 Cretensi
377 2065 534 2096 Herculis
557 2065 683 2095 comite
704 2066 866 2095 narratur
887 2062 962 2094 Val.
986 2062 1036 2093 Fl.
1060 2070 1074 2092 Ι
1095 2062 1244 2093 398-401
1271 2061 1365 2101 (uide
1386 2060 1499 2102 Apoll.
1522 2060 1637 2092 Rhod.

108 2126 122 2149 1
139 2118 181 2149 96
199 2118 278 2158 sq.)‚
297 2117 393 2148 anth.
415 2116 486 2147 Pal.
507 2124 544 2146 VI
562 2117 638 2152 331,
657 2115 774 2147 Sidon.
795 2124 898 2145 carm.
919 2122 942 2145 v
962 2114 1090 2145 154—60
1110 2112 1203 2152 (uide
1224 2113 1312 2151 183),
1331 2111 1425 2144 Seru.
1447 2111 1523 2143 buc.
1543 2120 1566 2143 v
1587 2113 1639 2149 11,

109 2179 195 2209 quos
217 2168 309 2199 locos
331 2167 542 2208 collegerunt
563 2166 763 2207 Leopardus
785 2165 919 2197 emend.
943 2173 981 2195 VI
1003 2175 1030 2195 c.
1055 2165 1075 2195 6
1096 2167 1131 2195 et
1153 2163 1302 2204 Scaliger
1393 2165 1457 2196 306
1478 2172 1641 2195 somnum

109 2220 199 2251 Flor.
236 2222 272 2250 et
308 2218 420 2255 Bodl„
457 2227 582 2250 sonum
618 2217 709 2249 GLM
798 2216 971 2248 bibentem
1006 2215 1086 2253 GL2‚
1122 2214 1300 2246 uiuentem
1335 2214 1398 2246 LM
1486 2225 1641 2245 somnum

110 2271 323 2310 animamque
338 2273 370 2302 ἓν
388 2272 437 2301 διὰ
456 2272 551 2306 δυοῖν,
568 2269 771 2300 dormientis
787 2269 941 2299 animam
1032 2268 1096 2299 308
1111 2268 1242 2297 arserat
1257 2265 1349 2297 GLM
1440 2268 1503 2298 310
1519 2267 1642 2297 natum

111 2324 145 2354 et
153 2321 226 2354 fato
237 2321 325 2352 Flor.
337 2324 373 2352 et
387 2320 500 2357 Bod1.‚
511 2322 594 2352 nato
605 2322 638 2352 et
646 2319 760 2351 fatum
768 2319 805 2350 M
814 2318 1021 2360 permutatis
1032 2317 1203 2353 finalibus,
1215 2319 1337 2348 natum
1347 2318 1380 2348 et
1389 2316 1502 2348 fatum
1512 2316 1566 2348 GL

157 2375 308 2406 311-323
332 2383 411 2403 cum
435 2372 550 2409 Libra,
575 2372 746 2402 incertum
769 2373 879 2411 quota
902 2372 1012 2410 parte,
1038 2369 1147 2400 oritur
1170 2368 1313 2399 Haedus
1337 2379 1358 2399 a
1381 2368 1517 2399 duobus
1540 2377 1643 2399 uersu

114 2425 176 2456 103
195 2424 473 2455 commemoratis
489 2423 645 2454 diuersus
661 2434 668 2458 ;
701 2432 770 2462 quo
787 2421 829 2453 de
848 2421 998 2457 nomine,
1017 2430 1099 2451 nam
1117 2419 1212 2451 sidus
1230 2430 1300 2450 non
1319 2422 1382 2456 est,
1402 2419 1475 2450 dixi
1493 2420 1528 2450 in
1546 2428 1643 2461 prae-

112 2476 244 2507 fatione
266 2485 324 2516 pp.
351 2474 529 2506 xliv-xlvi.
578 2474 758 2509 Firmicus,
783 2473 865 2513 quia
888 2471 1022 2503 nullum
1046 2481 1229 2502 numerum
1252 2470 1465 2508 inueniebat,
1490 2470 1644 2501 medium

115 2527 251 2568 signum
266 2525 368 2566 elegit
385 2526 590 2566 scripsitque
606 2533 674 2555 V111
692 2525 731 2555 12
749 2525 768 2556 3
782 2524 819 2554 in
831 2523 950 2554 Librae
960 2526 1055 2562 parte
1067 2527 1129 2553 XV
1144 2522 1250 2553 oritur
1261 2521 1400 2553 Haedus
1491 2524 1645 2553 ceterum

115 2588 205 2618 quae
220 2577 390 2618 Scaligero
407 2576 553 2617 simplex
569 2577 642 2607 ueri
657 2585 776 2606 sensus
793 2577 1019 2615 expresserat,
1039 2573 1046 2586 ‘
1061 2574 1138 2614 quis
1159 2576 1212 2604 est
1234 2574 1299 2604 iste
1319 2573 1461 2604 Haedus
1479 2575 1492 2604 ⁴?
1508 2597 1514 2603 .
1530 2596 1537 2603 .
1554 2597 1560 2603 .
1575 2582 1645 2603 non

114 2629 198 2660 satis
223 2638 365 2670 possum
390 2628 507 2658 mirari
532 2627 617 2668 quid
642 2626 823 2657 Manilium
849 2625 891 2656 de
916 2625 981 2657 hoc
1006 2624 1118 2655 haedo
1143 2624 1298 2665 adegerit
1322 2624 1559 2665 pronuntiare,
1586 2623 1646 2663 qui

115 2690 185 2711 non
200 2683 252 2711 est
267 2680 303 2710 in
317 2689 431 2710 rerum
450 2682 577 2709 natura
589 2678 608 2714 '‚
629 2688 669 2708 ea
685 2678 713 2708 si
728 2677 858 2708 Huetio
874 2676 961 2707 liuor
976 2679 1011 2707 et
1026 2675 1221 2717 petulantia
1237 2679 1277 2706 ut
1292 2686 1362 2706 non
1378 2675 1647 2706 calumniaretur

115 2731 360 2772 permisissent,
381 2733 500 2770 turpes
521 2739 649 2760 errores
670 2729 781 2759 uitare
802 2729 918 2769 potuit
1009 2729 1072 2760 311
1093 2726 1200 2758 antris
1218 2727 1247 2764 *‚
1267 2726 1366 2757 astris
1382 2726 1459 2757 libri
1480 2729 1519 2756 ut
1540 2725 1644 2757 Culic.

116 2783 158 2814 23
177 2785 266 2813 astra
284 2781 491 2821 (contrarius
509 2791 601 2812 error
618 2780 711 2811 Man.
731 2788 768 2810 1v
789 2780 878 2819 142),
897 2777 989 2810 aruis
1007 2778 1185 2809 Bentleius
1204 2778 1298 2818 (uide
1316 2786 1358 2808 111
1377 2778 1443 2816 74).
1493 2776 1575 2808 ordo
1595 2779 1647 2807 est

117 2833 242 2865 erranti
273 2833 310 2864 in
340 2831 470 2863 secretis
501 2831 607 2863 antris
637 2830 771 2862 similis.
819 2830 915 2862 nulla
945 2833 1028 2861 sunt
1057 2832 1189 2861 secreta
1219 2832 1314 2860 astra
1330 2841 1336 2860 :
1382 2831 1483 2859 antra
1513 2830 1647 2859 secreta
