1855 3088
180 123 234 162 66
771 119 832 160 M.
865 117 1000 161 MAN
1002 117 1116 159 ILII

338 231 448 272 illius
467 230 512 272 in
530 230 652 272 terris
671 229 843 271 orientis
862 235 1052 285 tempore
1071 234 1199 271 natus

340 306 394 347 ad
414 305 547 360 spolia
567 309 610 346 et
629 309 774 359 partas
794 309 936 359 surget
955 304 1022 346 uel
1042 305 1169 346 caede
1188 303 1357 358 rapinas

341 394 521 435 cumque
540 379 761 420 hominum
780 379 890 420 derit
908 384 1068 434 strages
1088 378 1209 420 dabit
1228 378 1296 419 ille
1314 378 1499 419 ferarum

342 468 418 495 nec
437 468 586 509 pacem
605 468 630 495 a
649 454 771 503 bello,
794 453 930 494 ciuem
949 453 1157 495 discernet
1176 453 1230 494 ab
1249 452 1384 494 hoste.

217 536 286 568 495
342 528 430 583 ipse
450 528 530 569 sibi
549 528 617 569 lex
636 533 712 578 est,
734 532 778 569 et
798 542 882 582 qua
901 527 984 569 fert
1003 541 1183 582 cumque
1202 527 1402 568 uoluntas

343 602 626 658 praecipitant
644 602 753 643 uires
773 617 781 652 ;
818 602 909 644 laus
929 606 994 644 est
1013 606 1279 643 contemnere
1299 605 1466 642 cuncta.

345 682 400 728 et,
422 677 457 718 si
476 677 585 718 forte
604 677 725 718 bonis
744 677 965 718 accesserit
983 677 1167 732 impetus
1187 676 1312 727 ausis,

344 751 580 806 inprobitas
599 751 673 793 fiet
692 751 840 801 uirtus,
863 756 906 793 et
925 751 1102 792 condere
1122 751 1231 792 bella

346 831 390 867 et
408 826 571 881 magnis
590 826 775 881 patriam
794 830 997 880 poterunt
1016 840 1163 867 ornare
1182 824 1421 880 triumphis,

222 908 292 940 500
347 905 402 950 et,
425 900 524 956 quja
544 915 630 942 non
648 905 809 942 tractat
828 900 1009 942 uolucris
1029 901 1102 941 sed
1121 900 1305 954 suggerit
1325 913 1442 940 arma

347 975 624 1031 inmissosque
643 975 771 1016 refert
790 975 905 1030 ignes
925 980 968 1016 et
987 974 1165 1016 fulmina
1184 974 1336 1024 reddit,

188 1092 276 1124 Boll.
294 1092 427 1133 sphaer.
448 1103 481 1133 p.
504 1093 545 1124 50
567 1093 652 1124 15—8
671 1093 687 1123 ὁ
707 1092 821 1123 'Aerem
841 1115 848 1123 .
869 1116 876 1123 .
896 1116 903 1123 .
922 1093 1079 1132 πρόσωπα
1097 1092 1253 1132 βασιλικὰ
1274 1093 1293 1130 ἢ
1315 1092 1386 1131 περὶ
1407 1091 1557 1130 βασιλεῖσ
1579 1090 1677 1121 ὄνταο-

278 1146 340 1176 491
363 1143 442 1175 111ᾱο
464 1144 509 1175 ad
529 1145 571 1175 40
664 1145 728 1176 492
748 1145 863 1184 partas
884 1143 930 1182 M,
953 1145 1065 1184 partes
1087 1142 1141 1174 GL
1233 1145 1297 1176 493
1318 1141 1404 1174 derit
1424 1141 1624 1183 Postgatius
1645 1139 1720 1171 silu.

188 1194 280 1226 Man.
301 1205 334 1236 p.
355 1196 409 1231 53,
428 1194 559 1226 deerint
577 1195 646 1226 iam
665 1194 717 1226 ed.
738 1195 962 1235 quaternaria
979 1195 1187 1236 typothetae
1206 1194 1308 1236 culpa
1326 1197 1361 1225 et
1379 1194 1488 1234 magis
1506 1193 1592 1224 miro
1610 1201 1723 1223 errore

190 1246 355 1278 Barthius
367 1245 447 1277 adu.
462 1257 495 1287 p.
510 1247 586 1282 324,
599 1245 729 1277 dederit
740 1245 805 1284 GL,
818 1245 983 1277 dederunt
993 1245 1040 1284 M,
1053 1249 1094 1277 ut
1105 1246 1215 1277 conici
1226 1246 1335 1287 possit
1346 1245 1475 1281 derunt,
1488 1244 1548 1276 sed
1559 1242 1724 1284 singulari

189 1308 333 1329 numero
354 1301 477 1337 straqes
498 1298 652 1338 positum
673 1300 726 1328 est
746 1308 848 1328 uersu
870 1298 943 1329 673.
992 1297 1094 1329 Mart.
1121 1306 1174 1328 V11
1199 1298 1242 1328 96
1263 1298 1283 1329 3
1304 1296 1419 1328 derant
1440 1298 1494 1336 αβ,
1512 1295 1667 1327 dederant
1687 1306 1721 1333 γ.

190 1352 388 1390 temporum
412 1349 448 1380 in
473 1348 667 1380 actionibus
693 1348 871 1379 distinctio
896 1349 1015 1390 inepta
1040 1351 1101 1380 est.
1151 1348 1328 1380 Bentleius
1352 1358 1490 1379 uersum
1514 1346 1723 1378 sententiam

191 1400 342 1431 mediam
362 1400 614 1440 interrumpere
635 1402 798 1431 causatus
819 1399 959 1437 deleuit,
979 1410 1084 1440 quem
1104 1410 1139 1431 se
1158 1399 1278 1440 legisse
1298 1402 1450 1430 testatur
1468 1398 1637 1430 Firmicus
1656 1404 1725 1427 vm

194 1452 233 1482 16
255 1452 269 1481 1
293 1460 331 1481 ex
349 1450 445 1482 caede
463 1450 636 1481 hominum
656 1454 684 1482 et
703 1461 741 1481 ex
759 1450 879 1491 spoliis
898 1451 1060 1482 habebunt
1078 1451 1169 1482 uitae
1186 1450 1349 1488 subsidia,
1369 1450 1501 1490 capient
1520 1449 1619 1481 etiam
1632 1447 1725 1489 fera-3

188 1502 317 1542 pariter
344 1505 372 1533 et
400 1501 601 1533 domabant:
644 1502 792 1534 fortasse
819 1502 941 1533 melius
969 1506 1049 1544 post
1076 1503 1140 1534 494
1168 1505 1365 1543 poneretur,
1394 1501 1489 1543 quod
1515 1501 1599 1533 fecit
1626 1499 1725 1531 Post-

191 1553 306 1594 gatius
391 1551 543 1593 ferarum
563 1556 714 1594 stragem
730 1565 737 1584 :
772 1553 852 1584 uide
873 1553 939 1585 Cic.
962 1564 1024 1595 pro
1044 1553 1148 1585 Marc.
1171 1555 1213 1584 22
1235 1564 1273 1584 ex
1292 1554 1397 1584 unius
1417 1556 1475 1584 tua
1494 1552 1567 1583 uita
1584 1550 1726 1592 pendere

191 1604 344 1636 omnium
364 1607 399 1635 et
420 1604 531 1635 multo
552 1604 738 1635 audaciora
757 1604 802 1635 ad
822 1613 850 1635 11
870 1606 934 1636 269
955 1605 1074 1636 adlata
1165 1607 1230 1637 494
1248 1613 1369 1646 pacem
1387 1613 1409 1635 a
1429 1603 1467 1642 G,
1487 1612 1571 1645 pace
1590 1611 1630 1634 ac
1650 1600 1724 1633 LM.

192 1656 415 1697 praepositio,
434 1665 524 1696 quae
542 1656 732 1687 necessaria
750 1666 820 1687 non
839 1659 892 1687 est
909 1659 956 1693 et,
975 1657 1003 1687 si
1021 1666 1107 1697 opus
1126 1659 1226 1692 esset,
1245 1656 1357 1687 audiri
1374 1658 1492 1697 posset
1510 1654 1603 1695 (uide
1622 1653 1723 1686 Ouid.

193 1709 274 1738 met.
301 1715 356 1737 ΧΠ
381 1707 443 1737 124
462 1706 551 1737 uelut
570 1717 664 1737 muro
686 1707 855 1747 solidaque
874 1718 895 1738 a
916 1711 1009 1738 caute
1027 1707 1163 1747 repulsa
1181 1711 1238 1744 est,
1260 1710 1324 1738 art.
1346 1716 1359 1738 1
1377 1708 1441 1739 333
1461 1706 1607 1737 Martem
1630 1709 1726 1741 terra,

194 1758 393 1798 Neptunum
407 1757 524 1798 effuqit
540 1757 577 1789 in
591 1758 706 1795 undis,
723 1759 812 1789 sicut
827 1758 919 1790 Man.
937 1767 974 1789 IV
989 1760 1054 1790 426
1069 1769 1191 1790 uerum
1207 1769 1279 1790 esse
1293 1761 1410 1800 potest
1424 1758 1520 1799 quod
1533 1757 1569 1789 M
1583 1756 1728 1798 praebet

193 1812 230 1840 ut
250 1809 385 1848 signum
405 1809 512 1848 siqrw,
534 1809 582 1840 sic
603 1820 624 1840 a
644 1819 678 1840 se
698 1809 862 1850 discrepat
884 1810 1023 1850 ipsum),
1045 1809 1140 1841 haud
1161 1811 1231 1841 scio
1252 1821 1297 1841 an
1318 1810 1407 1841 abici
1428 1809 1565 1846 debeat,
1581 1819 1615 1839 m
1635 1808 1728 1839 enim

195 1863 231 1892 et
259 1870 297 1891 ac
325 1861 516 1901 permutari
545 1860 714 1892 adnotaui
742 1861 787 1892 ad
816 1870 859 1892 111
886 1863 951 1892 456
1042 1861 1209 1893 discernet
1237 1860 1275 1900 G,
1305 1860 1465 1893 discernit
1491 1860 1555 1892 LM
1581 1860 1729 1891 fortasse

194 1914 288 1943 recte
380 1913 444 1943 496
461 1911 686 1952 praecipitant
704 1911 796 1943 GLM
815 1912 888 1943 cod.
910 1913 1073 1950 Venetus,
1091 1913 1292 1953 praecipitat
1310 1913 1384 1944 cod.
1405 1912 1495 1944 Flor.
1515 1915 1551 1944 et
1569 1911 1729 1947 editores,

196 1962 306 1993 donec
344 1962 607 1994 intransitiuum
644 1963 784 1994 reduxit
821 1963 969 1995 Iacobus
1059 1966 1277 1996 contemnere
1314 1964 1396 1996 Vrb.
1436 1965 1511 2001 668,
1549 1964 1730 1994 contenere

197 2013 243 2050 Μ,
269 2012 472 2045 contendere
497 2012 551 2045 GL
575 2014 649 2045 cod.
676 2014 838 2046 Venetus.
887 2015 991 2046 Firm.
1017 2024 1085 2046 vm
1111 2016 1151 2047 16
1177 2017 1192 2047 1
1220 2019 1314 2047 erunt
1332 2040 1339 2047 .
1359 2040 1366 2047 .
1386 2039 1393 2047 .
1413 2018 1504 2047 tanta
1527 2014 1649 2046 uirtute
1666 2037 1674 2045 .
1694 2037 1701 2045 .
1721 2037 1729 2044 .

197 2067 233 2095 ut
252 2064 296 2095 ad
314 2064 446 2096 laudem
463 2075 561 2096 suam
577 2065 735 2106 proficere
753 2065 895 2103 credant,
915 2066 947 2097 si
965 2070 1099 2098 mortem
1117 2077 1232 2098 secura
1250 2067 1461 2098 animositate
1479 2064 1731 2106 contempserint

289 2117 353 2148 497
377 2116 384 2128 ⁴
400 2126 461 2147 son
483 2116 541 2147 feu
563 2116 790 2158 l'engage-t-il
810 2128 873 2158 par
893 2117 1020 2149 hasard
1041 2118 1127 2149 dans
1148 2118 1179 2149 le
1201 2118 1269 2149 bon
1290 2119 1383 2159 parti
1398 2118 1405 2131 ’
1429 2118 1626 2159 Pingraeus,
1648 2125 1730 2147 narn

199 2166 315 2207 Fayus
335 2166 558 2198 aberrauerat
649 2170 714 2201 498
733 2168 876 2200 condere
897 2168 1014 2206 GL2M,
1035 2169 1237 2201 contendere
1257 2169 1293 2208 L,
1313 2169 1450 2201 tendere
1470 2169 1544 2200 cod.
1565 2168 1729 2200 Venetus.

199 2217 345 2254 condere,
375 2217 539 2258 sepelire:
582 2218 754 2250 intellexit
781 2219 949 2251 Firmicus
977 2229 1045 2251 vm
1075 2221 1114 2252 16
1145 2222 1159 2252 1
1190 2231 1329 2260 quorum
1357 2220 1479 2251 uirtute
1496 2219 1732 2251 ...bellorum

202 2292 209 2300 .
230 2292 237 2299 .
258 2292 264 2299 .
284 2268 427 2308 impetus
454 2269 641 2309 sopiantur,
670 2271 754 2302 item
783 2271 822 2302 B.
847 2271 887 2302 A.
912 2271 1096 2303 Muellerus
1123 2272 1210 2303 thes.
1240 2271 1320 2313 ling.
1346 2271 1422 2303 Lat.
1447 2280 1477 2303 11
1499 2282 1532 2312 p.
1560 2271 1644 2302 1835
1668 2270 1731 2307 23;

200 2320 330 2350 errauit
344 2319 460 2361 Fayus
474 2323 510 2352 et
522 2322 663 2362 grauius
677 2322 713 2353 in
726 2322 814 2353 thes.
831 2331 869 2353 IV
882 2333 915 2364 p.
935 2324 995 2355 153
1012 2324 1053 2354 79
1067 2333 1117 2364 sq.
1134 2324 1162 2354 is
1177 2324 1272 2354 cuius
1287 2334 1388 2354 curae
1402 2322 1573 2354 condendi
1585 2321 1732 2353 uerbum

201 2369 452 2402 demandatum
469 2374 522 2403 est
613 2374 677 2405 499
690 2376 845 2413 poterunt
860 2373 993 2415 plurale
1009 2384 1078 2415 quo
1094 2374 1264 2406 referatur
1279 2385 1350 2406 non
1365 2374 1483 2411 habet,
1500 2384 1583 2405 nam
1598 2376 1634 2405 et
1650 2375 1732 2404 ante

200 2424 236 2452 et
260 2424 341 2462 post
365 2421 407 2452 de
432 2432 502 2453 uno
526 2433 638 2454 sermo
663 2427 725 2455 est.
771 2425 891 2464 poterit
916 2425 989 2456 cod.
1017 2425 1106 2456 Flor.
1133 2426 1304 2457 medicina
1328 2428 1439 2457 metro
1463 2425 1614 2461 nocenti,
1638 2423 1734 2464 quod

202 2482 245 2503 ne
263 2471 437 2504 laboraret
456 2473 529 2504 cod.
551 2473 627 2505 Par.
648 2478 738 2506 teste
756 2475 922 2507 Stoebero
940 2477 1079 2517 insuper
1094 2477 1243 2517 patriam
1258 2477 1377 2517 poterit
1395 2476 1536 2516 magmis,
1557 2475 1734 2507 Bentleius

201 2522 362 2560 decorare,
388 2533 450 2564 ego
475 2523 580 2556 ditare
605 2525 740 2557 collatis
765 2528 881 2568 script.
909 2527 954 2558 ad
979 2528 1129 2559 Herenn.
1157 2537 1195 2559 rv
1221 2529 1262 2559 66
1289 2528 1398 2568 (urbs)
1424 2527 1604 2567 triumphis
1629 2526 1734 2557 ditata

202 2573 407 2611 certissimis,
428 2574 516 2606 Stat.
539 2576 644 2607 Theb.
666 2586 689 2607 v
709 2578 772 2609 306
792 2578 931 2618 (insula)
952 2578 1060 2610 Getico
1079 2589 1186 2619 nuper
1204 2579 1309 2610 ditata
1328 2578 1506 2619 triumpho,
1526 2578 1625 2619 Verg.
1646 2577 1731 2608 Aen.

201 2633 241 2656 rv
268 2625 309 2656 37
339 2635 388 2665 sq.
420 2629 504 2656 terra
532 2626 711 2667 triumphis
734 2626 738 2670 Ι
758 2628 861 2660 diues.
910 2631 1078 2671 scriptum
1105 2630 1210 2661 fuisse
1239 2631 1369 2662 conicio
1394 2630 1580 2670 poteritare,
1610 2628 1734 2660 deinde

203 2676 398 2716 quaesitam
444 2677 722 2709 emendationem
815 2682 878 2713 500
923 2680 1082 2722 Scaliger,
1123 2691 1227 2722 quem
1272 2684 1465 2722 sequuntur
1508 2680 1656 2712 Iacobus
1697 2682 1734 2711 et

204 2726 491 2768 Wageningenus,
522 2739 601 2759 cum
629 2733 722 2761 recte
750 2731 814 2762 489
843 2731 911 2762 ales
940 2732 1101 2769 dedisset,
1130 2733 1185 2764 hic
1214 2732 1331 2764 littera
1360 2731 1550 2764 maiuscula
1583 2730 1734 2763 Volucris

203 2778 473 2819 imprimendum
497 2781 643 2817 curauit,
663 2784 845 2822 tamquam
864 2783 892 2813 si
905 2782 1027 2823 Ὄρνισ,
1047 2784 1083 2814 id
1101 2787 1153 2815 est
1173 2784 1319 2824 Cycnus,
1339 2794 1379 2815 ac
1398 2794 1468 2815 non
1486 2782 1612 2824 Aquila
1631 2782 1732 2823 signi-

206 2828 368 2861 ficaretur
459 2833 521 2864 501
549 2831 721 2871 inmissos,
746 2834 781 2864 in
808 2833 924 2866 hostes
951 2835 1083 2873 missos,
1109 2838 1149 2866 ut
1174 2836 1266 2867 Caes.
1296 2835 1358 2867 b.c.
1384 2844 1428 2866 ΠΙ
1455 2836 1496 2867 92
1523 2835 1543 2866 2
1571 2833 1734 2865 immissis
