1855 3088
203 129 226 166 2
793 125 854 167 Μ.
887 125 1138 167 MANILII

365 239 501 280 sidera
520 243 740 280 uectatum
758 243 853 280 toto
873 238 1089 280 decurrere
1109 238 1236 288 caelo,

267 321 309 351 10
364 328 461 354 cum
481 313 608 354 semel
627 313 834 354 aetherios
854 327 1003 354 aussus
1022 313 1297 354 conscendere
1317 327 1462 354 currus

365 402 578 429 summum
598 388 844 442 contigerim
864 402 939 428 sua
958 402 1032 441 per
1051 387 1220 441 fastigia
1240 387 1419 428 culmen.

364 462 461 503 hinc
481 467 608 503 uocat
629 462 770 512 Orion,
791 461 933 516 magni
953 476 1050 516 pars
1069 462 1256 502 maxima
1276 461 1392 511 caeli,

365 541 408 577 et
427 537 530 577 ratis
550 536 736 586 heroum,
760 550 868 591 quae
887 550 999 577 nunc
1019 550 1187 590 quoque
1206 536 1381 590 nauigat
1401 535 1539 585 astris,

365 611 643 665 Fluminaque
664 610 841 652 errantis
860 610 946 651 late
965 610 1179 651 sinuantia
1198 610 1332 651 flexus

268 693 309 722 15
365 690 408 726 et
427 685 608 726 biferum
628 685 755 726 Cetus
775 685 961 740 squamis
981 689 1110 739 atque
1131 699 1201 725 ore
1219 684 1439 726 tremendo

364 760 730 815 Hesperidumque
750 759 851 814 uigil
870 764 1011 801 custos
1032 764 1074 801 et
1094 759 1239 800 diuitis
1259 758 1350 800 auri

202 877 452 918 significatione
471 878 613 909 alterius
632 878 782 919 propria,
804 877 846 909 de
868 877 950 909 orbe
970 887 1086 909 rerum
1106 877 1299 914 lustrando,
1317 876 1526 918 aliquotiens
1545 876 1676 913 Liuius,
1698 879 1739 908 ut

201 937 293 959 XXVI
317 930 355 960 31
385 931 399 960 1
426 929 514 960 circa
537 929 649 960 dornws
672 939 784 960 eorum
808 929 912 960 ituros
935 939 979 965 se,
1004 932 1040 960 et
1063 931 1143 970 post
1167 939 1246 959 eum
1270 928 1328 959 alii
1352 931 1552 969 posuerunt,
1577 927 1739 959 Manilius

200 983 236 1011 et
264 984 388 1021 poetae
416 991 485 1011 non
514 980 608 1012 item.
656 981 717 1021 qui
745 980 839 1021 quod
867 990 1060 1021 numquam
1088 983 1266 1021 praeterea
1294 980 1419 1011 circum
1446 979 1739 1020 praepositionem

201 1032 395 1073 usurpauit,
427 1032 492 1063 nisi
528 1032 619 1063 forte
656 1041 679 1063 v
717 1033 792 1069 558,
831 1032 919 1063 circa
957 1035 1076 1063 autem
1113 1034 1177 1068 ter,
1214 1031 1371 1062 similiter
1408 1030 1577 1062 Martialis
1615 1033 1740 1071 quater

200 1084 299 1120 circa,
319 1083 424 1114 semel
443 1092 455 1113 Ι
476 1084 517 1114 76
539 1085 578 1115 13
597 1084 722 1114 circum
737 1083 875 1123 pulpita
893 1087 1005 1114 nostra
1025 1083 1124 1119 dixit,
1144 1086 1286 1124 propter
1305 1092 1428 1114 sonum
1448 1085 1488 1114 ut
1506 1082 1738 1123 suspicantur,

201 1135 261 1175 qui
290 1135 397 1166 etiam
425 1135 461 1165 in
490 1135 604 1165 omnia
633 1135 721 1166 circa
749 1134 859 1165 sidera
888 1145 958 1166 non
986 1134 1099 1165 nullos
1129 1134 1320 1165 offensurus
1350 1137 1424 1165 erat
1516 1136 1535 1166 9
1563 1135 1740 1165 uectatum

202 1186 511 1227 Regiomontanus,
533 1188 715 1217 uectantur
733 1185 822 1223 libri,
844 1189 1025 1217 uectantem
1046 1185 1232 1222 Breiterus,
1254 1185 1348 1226 quod
1368 1185 1502 1226 longius
1522 1195 1543 1216 a
1563 1184 1739 1216 codicibus

200 1237 356 1268 recedere
390 1248 461 1268 non
494 1237 718 1278 intellegebat
811 1240 851 1270 10
885 1237 1044 1268 imitatur
1078 1237 1229 1268 Lucretii
1262 1236 1377 1268 locum
1410 1247 1502 1268 nunc
1537 1236 1740 1267 mutilatum

201 1297 239 1319 VI
272 1289 315 1319 46
350 1299 400 1329 sq.
437 1299 519 1328 quae
554 1292 676 1320 restant
707 1288 842 1328 percipe
874 1299 984 1328 porro,
1015 1287 1019 1331 Ι
1046 1287 1365 1329 quandoquidem
1415 1287 1532 1319 semel
1574 1287 1740 1328 insiynem

200 1340 460 1371 conscendere
498 1350 657 1371 currum
759 1349 881 1371 aussus
895 1340 924 1377 *,
955 1339 1068 1371 iussus
1097 1339 1186 1376 libri,
1218 1342 1259 1370 ut
1289 1339 1365 1371 Sen.
1398 1338 1488 1370 Med.
1520 1340 1585 1370 475
1616 1339 1739 1375 iussas,

201 1391 261 1423 ubi
280 1391 443 1422 Heinsius
463 1401 565 1422 ausas
584 1391 760 1428 restituit3
794 1391 894 1422 Lucr.
916 1400 953 1422 VI
972 1392 1037 1423 473
1057 1391 1225 1431 auyendas
1247 1390 1286 1427 Ο,
1308 1390 1468 1431 iuqendas
1489 1390 1528 1428 Q,
1551 1389 1651 1421 Ouid.
1673 1392 1738 1421 art.

201 1452 214 1473 Ι
234 1444 298 1474 373
318 1443 391 1473 iure
410 1443 442 1473 R
461 1453 524 1484 pro
544 1453 634 1479 aure,
655 1442 747 1473 Man.
769 1451 812 1473 111
832 1443 895 1474 385
915 1442 1030 1482 quinto
1049 1442 1128 1473 libri
1147 1452 1210 1483 pro
1229 1445 1351 1482 quanto
1370 1445 1406 1473 et
1425 1450 1448 1472 v
1470 1442 1533 1473 732
1558 1440 1681 1472 delibia
1704 1443 1739 1472 et

200 1494 308 1525 deliba
325 1504 387 1535 pro
404 1493 547 1530 delabsa,
566 1494 612 1526 ib.
631 1495 695 1526 336
714 1494 800 1525 iuris
817 1494 853 1525 M
870 1504 932 1535 pro
950 1494 1054 1525 auris.
1102 1493 1187 1524 Mar.
1207 1494 1296 1525 Vict.
1316 1493 1446 1525 G.L.K.
1466 1501 1504 1524 VI
1519 1503 1553 1534 p.
1572 1493 1591 1524 8
1609 1492 1741 1533 antiqui

201 1570 208 1577 .
229 1570 235 1576 .
256 1570 262 1576 .
282 1556 410 1576 ausus.
431 1569 437 1576 .
458 1570 464 1576 .
482 1556 542 1586 per
566 1545 631 1576 duo
655 1556 672 1576 s
696 1545 888 1582 scribebant,
915 1555 1059 1576 anesus:
1099 1545 1178 1576 uide
1203 1545 1310 1576 etiam
1336 1544 1381 1575 ad
1405 1553 1443 1575 IV
1469 1545 1532 1576 890
1558 1543 1739 1575 adnotata.

201 1597 328 1628 nullius
345 1607 380 1628 se
397 1597 490 1628 iussu
507 1596 567 1628 sed
584 1597 690 1628 dante
706 1597 862 1628 animum
879 1596 1022 1628 Caesare
1039 1596 1239 1637 mundoque
1254 1596 1330 1637 ipso
1345 1596 1487 1627 fauente
1504 1605 1590 1636 opus
1607 1605 1740 1636 aggres-

201 1659 278 1680 sum
298 1648 382 1680 dicit
400 1657 414 1678 1
433 1650 530 1685 7-12,
550 1657 578 1679 11
600 1649 662 1680 136
681 1658 731 1689 sq.
753 1658 876 1689 cupere
896 1648 1049 1679 carmina
1068 1648 1113 1678 ad
1132 1648 1266 1679 caelum
1283 1647 1371 1678 ferre
1386 1659 1394 1684 ;
1427 1657 1510 1678 nam
1527 1646 1628 1688 longe
1646 1645 1742 1678 aliud

200 1703 253 1731 est
273 1699 368 1741 quod
387 1708 424 1730 1v
443 1700 508 1731 437
529 1699 594 1731 sibi
614 1699 657 1730 ad
676 1700 771 1730 iussa
790 1699 988 1740 loquendum
1007 1709 1079 1730 esse
1099 1699 1159 1736 ait,
1180 1699 1245 1730 hoc
1265 1701 1318 1730 est
1337 1698 1412 1739 ipsa
1431 1708 1547 1729 sacrae
1567 1697 1652 1729 artis
1671 1700 1741 1729 tra-

202 1751 316 1782 denda
356 1754 543 1791 praecepta
584 1761 695 1791 neque
739 1750 887 1782 liberum
927 1751 1064 1791 ingenio
1105 1760 1244 1781 cursum
1284 1749 1569 1790 permittendum.
1618 1751 1741 1780 contra

202 1802 332 1833 maiora
352 1812 388 1833 se
409 1802 541 1833 uiribus
571 1812 711 1832 ausum
739 1801 872 1833 fatetur
893 1810 936 1832 111
958 1803 972 1833 l
1069 1804 1108 1834 11
1124 1800 1263 1842 fastigia
1277 1800 1351 1839 LM,
1367 1800 1513 1841 uestigia
1528 1799 1566 1832 G.
1605 1809 1742 1840 suaper

195 1853 349 1894 fastiyia,
372 1853 516 1884 acclinia
537 1853 662 1893 quibus
683 1853 749 1884 rite
770 1853 887 1884 aditur
907 1863 1088 1884 emensus:
1124 1852 1204 1883 uide
1225 1852 1270 1883 ad
1291 1860 1334 1883 111
1355 1853 1418 1884 325
1511 1854 1553 1884 12
1573 1850 1653 1883 hinc
1675 1849 1741 1890 GL,

202 1904 282 1936 huic
306 1904 352 1936 M.
400 1904 488 1941 hinc,
514 1904 558 1935 ab
583 1904 727 1935 australi
750 1904 881 1935 zodiaci
904 1907 1015 1945 parte,
1043 1904 1083 1935 19
1107 1903 1212 1940 illinc,
1237 1914 1258 1934 a
1281 1902 1544 1944 septentrionali
1635 1904 1676 1935 12
1701 1904 1742 1935 13

204 1955 321 1997 magni
339 1979 345 1986 .
366 1980 372 1987 .
392 1980 399 1986 .
418 1955 563 1987 heroum
585 1966 651 1986 om.
676 1954 740 1986 GL.
789 1965 898 1996 paene
920 1955 1100 1996 suspiceris
1122 1955 1290 1996 scriptum
1311 1954 1416 1986 fuisse
1438 1954 1557 1985 heroon
1579 1956 1614 1985 et
1635 1953 1743 1985 uerba

205 2007 249 2038 ob
277 2006 582 2038 homoeoteleuton
610 2007 798 2044 excidisse3
841 2006 901 2038 sed
929 2006 1060 2037 Graeca
1088 2005 1213 2037 talium
1240 2006 1481 2047 genetiuorum
1507 2005 1620 2036 forma
1648 2004 1743 2046 apud

204 2061 327 2100 poetas
357 2058 531 2089 rarissima
560 2061 623 2095 est,
655 2058 873 2099 habeturque
904 2057 1030 2089 Latina
1059 2067 1231 2097 cercopum
1260 2066 1298 2087 IV
1328 2058 1393 2088 483
1481 2066 1564 2097 pars
1593 2056 1743 2087 maxima

204 2110 298 2147 caeli,
327 2110 481 2141 maxima
507 2120 550 2140 ex
577 2110 624 2141 eis
652 2109 737 2140 caeli
763 2109 921 2150 partibus
948 2119 1038 2149 quae
1065 2109 1162 2149 signa
1189 2108 1431 2149 appellantur:
1472 2107 1554 2139 Luc.
1583 2116 1651 2138 vm
1677 2108 1742 2139 465

205 2161 343 2192 diuidui
354 2171 435 2200 pars
450 2161 597 2192 maxima
612 2161 688 2192 Nili
710 2159 714 2204 Ι
734 2161 772 2191 in
785 2160 875 2191 uada
888 2160 1030 2191 decurrit
1043 2160 1182 2191 Pelusia
1194 2159 1355 2200 septimus
1369 2159 1489 2190 amni-s.
1527 2168 1743 2200 quamquam

207 2212 385 2253 Ampelius
405 2213 424 2243 3
445 2213 463 2242 2
485 2212 598 2249 Orion,
619 2212 678 2252 qui
697 2211 926 2252 maqnitudine
945 2221 1009 2242 sua
1027 2211 1206 2242 dimidiam
1224 2211 1307 2242 caeli
1325 2210 1445 2242 obtinet
1461 2214 1612 2250 partem;
1646 2210 1743 2241 cuius

207 2264 356 2304 ineptias
375 2266 516 2304 superat
535 2263 580 2294 ab
601 2263 728 2294 Iacobo
747 2273 859 2304 progr.
881 2263 1006 2294 Lubec.
1028 2273 1082 2293 an.
1107 2263 1190 2293 1832
1210 2272 1243 2303 p.
1264 2264 1284 2293 5
1304 2261 1423 2293 adlata
1441 2261 1573 2292 Manilii
1591 2261 1743 2292 imitatio

209 2315 305 2346 anth.
320 2314 395 2345 Lat.
409 2314 500 2345 Ries.
515 2316 577 2346 723
592 2316 604 2345 l
619 2315 729 2351 Luna,
741 2314 839 2345 decus
849 2313 978 2351 mundi,
991 2314 1105 2354 magni
1112 2324 1194 2354 pars
1205 2313 1353 2344 maxima
1362 2312 1445 2344 caeli
1535 2314 1576 2345 13
1599 2311 1744 2344 heroum

209 2366 291 2397 Vrb.
321 2367 395 2402 667,
423 2365 567 2397 heorum
592 2365 628 2397 M
719 2374 806 2406 quae
831 2364 904 2403 LM,
933 2365 990 2406 qui
1016 2364 1044 2396 G
1070 2365 1114 2396 ob
1141 2365 1267 2395 omissa
1293 2364 1399 2395 uerba
1425 2363 1654 2405 interpolatus

256 2419 298 2449 14
319 2417 491 2453 Flumina,
515 2417 522 2428 ‘
536 2419 572 2447 et
592 2416 763 2447 Eridanus
781 2419 817 2448 et
836 2416 1018 2447 effusiones
1036 2415 1180 2456 Aquarii
1195 2415 1202 2427 ⁷
1223 2415 1339 2456 Fayus
1354 2427 1361 2446 z
1395 2415 1474 2446 uide
1492 2423 1506 2445 Ι
1523 2415 1654 2446 439-42

256 2471 297 2502 15
321 2469 415 2499 cetus
440 2467 514 2508 (sed
538 2468 645 2498 etiam
669 2467 806 2508 biferas)
832 2467 1142 2508 Regiomontanus,
1168 2475 1287 2498 cecum
1310 2466 1356 2505 M,
1383 2475 1525 2498 caecum
1548 2465 1613 2504 GL,
1638 2469 1744 2497 cetum

210 2519 285 2550 cod.
314 2519 416 2555 Flor.‚
444 2529 513 2559 qua
539 2519 687 2549 nominis
713 2519 825 2550 forma
851 2529 952 2550 nemo
978 2521 1161 2559 poetarum
1187 2528 1269 2549 usus
1295 2520 1358 2554 est,
1385 2528 1428 2548 ne
1454 2517 1577 2558 quinto
1603 2516 1744 2558 quidem

210 2570 346 2602 saeculo
361 2570 512 2601 Auienus
528 2582 535 2607 ;
563 2570 605 2600 de
619 2580 740 2610 genere
755 2570 826 2600 dixi
840 2570 885 2601 ad
898 2579 911 2600 1
924 2571 1000 2607 435,
1016 2570 1058 2601 de
1073 2569 1171 2600 biferi
1185 2579 1268 2600 uoce
1282 2569 1327 2599 ad
1340 2578 1378 2599 1v
1391 2569 1455 2600 230
1469 2568 1570 2609 bifero
1585 2567 1746 2599 Centauri

210 2632 353 2662 corpore,
383 2621 443 2652 ubi
472 2621 563 2652 hunc
592 2631 731 2652 uersum
761 2621 941 2661 explicaui.
991 2624 1143 2652 ceterum
1174 2620 1268 2651 haud
1298 2620 1368 2651 scio
1399 2630 1444 2651 an
1473 2622 1566 2651 recte
1597 2618 1745 2650 Iacobus

210 2683 322 2714 progr.
344 2672 469 2703 Lubeo.
491 2682 545 2702 an.
570 2673 653 2703 1836
672 2682 705 2713 p.
727 2673 746 2703 3
767 2672 845 2712 (etsi
864 2675 986 2712 postea
1005 2672 1105 2703 aliter
1123 2671 1304 2711 iudicauit)
1325 2671 1372 2702 sic
1391 2670 1498 2702 uerba
1517 2670 1744 2707 coniunxerit,

209 2723 351 2764 biferum
373 2723 521 2764 squamis
545 2727 639 2763 atque
661 2733 725 2760 ore,
749 2723 942 2754 cuiusmodi
965 2733 1036 2754 esse
1060 2723 1198 2754 uidetur
1221 2723 1319 2763 Verg.
1345 2722 1429 2753 Aen.
1455 2730 1469 2752 Ι
1492 2723 1555 2753 655
1578 2721 1744 2761 duplicem

209 2775 346 2815 yemmis
376 2784 519 2815 auroque
548 2784 701 2805 coronam
792 2782 848 2805 ore
879 2773 954 2812 GM,
985 2783 1045 2806 ora
1073 2774 1099 2805 L
1188 2773 1365 2805 tremendo
1395 2772 1497 2811 GLM,
1527 2771 1743 2804 tremendum

210 2826 285 2858 cod.
316 2827 469 2858 Venetus
561 2827 602 2859 16
634 2825 751 2864 ‘nota,
779 2825 948 2857 Nostrum
976 2826 1019 2857 de
1047 2825 1191 2857 australi
1219 2827 1376 2866 serpente
1404 2824 1469 2856 hoc
1498 2823 1619 2861 dicere,
1649 2822 1742 2864 quod
