1855 3088
585 129 1066 174 ASTRONOMICON
1098 130 1139 171 V
1571 129 1625 168 63

261 246 333 301 qui
352 245 465 287 uitae
485 244 672 285 ostendit
689 244 826 285 uitam
845 243 1085 298 chartisque
1104 241 1300 284 sacrauit.

260 325 315 369 et,
337 320 370 361 si
389 324 513 360 tanta
532 333 707 373 operum
725 318 834 359 uires
854 322 1093 359 commenta
1112 316 1317 370 negarint,

260 393 441 435 externis
461 398 606 434 tamen
624 397 750 447 aptus
771 392 861 442 erit,
883 406 995 432 nunc
1013 405 1116 432 uoce
1136 390 1272 445 poetis

260 482 370 509 nunc
390 467 521 508 tacito
541 472 662 521 gestu
681 466 944 520 referensque
964 465 1200 506 adfectibus
1220 478 1305 513 ora,

99 585 343 627 inquinauerit,
371 584 423 616 ed.
452 584 600 616 Lobeck.
628 594 661 625 p.
690 585 755 615 418
785 585 839 614 τὸν
871 584 1010 623 λέγοντα
1029 607 1035 614 .
1056 607 1062 613 .
1083 607 1089 614 .
1108 584 1244 622 κίβδηλα
1275 582 1474 621 ἀναρίθμητα
1506 581 1626 617 ἀμαθῆ,

99 638 162 669 433
184 638 350 676 αἰσχύνειο·
370 637 428 673 τὴν
451 637 582 676 πάτριον
606 637 725 674 φωνήν,
741 636 805 666 440
828 636 925 665 πάλιν
947 635 1035 672 ἡμᾶσ
1056 636 1199 671 μολύνων
1223 634 1311 664 οὐδέν
1335 645 1364 663 τι
1389 634 1585 663 ἀναπαύεται
1611 631 1627 661 ὁ

101 689 289 727 Μένανδροσ
380 688 443 720 476
459 685 551 718 uitae
567 685 725 727 Scaliger,
742 684 815 717 uita.
830 685 918 716 libri.
966 685 1115 725 Scaliger
1135 694 1234 716 suam
1254 684 1326 725 ipse
1347 682 1626 714 emendationem

98 750 168 771 non
194 738 374 774 intellexit,
402 738 463 778 qui
489 737 579 769 uitae
606 738 710 778 (gen.)
737 737 844 768 uitam
871 746 1024 768 amorem
1051 736 1118 766 dici
1144 735 1309 772 uolebat;
1349 734 1439 765 uitae
1466 733 1626 764 datiuum

99 800 171 822 esse
191 789 280 821 uidit
300 789 479 820 Reinesius
500 799 532 829 p.
555 789 597 820 23
618 788 724 819 uitam
740 798 810 819 non
826 787 947 818 melius
963 788 1231 828 interpretatus;
1258 787 1388 827 primus
1404 787 1496 816 recte
1512 783 1626 814 locum

99 841 274 872 enarrauit
295 840 456 876 Huetius,
482 839 732 870 ‘Menandrum
751 863 758 870 .
778 863 785 869 .
806 863 812 869 .
832 839 921 870 dixit
939 863 945 869 .
966 862 972 869 .
993 862 1000 869 .
1018 839 1113 869 uitae
1135 837 1324 869 ostendisse
1346 837 1469 872 uitam,
1490 835 1555 867 hoc
1574 837 1627 866 est

98 892 142 923 ob
159 891 274 923 oculos
290 890 490 922 mortalium
505 891 659 931 posuisse
676 891 790 921 uarios
802 890 983 921 hominum
995 899 1106 920 mores
1123 892 1158 920 et
1174 888 1327 919 diuersos
1343 888 1516 919 humanae
1532 886 1627 917 uitae

98 953 197 975 casus
210 942 230 980 ²,
256 943 322 974 nisi
346 943 472 973 rectius
499 941 675 973 Bentleius
702 942 831 972 ‘mores
856 941 983 972 saeculi
1009 940 1145 971 saeculo
1173 939 1356 971 ostendit'.
1405 937 1627 969 contulerunt

99 993 246 1034 Scaliger
266 993 398 1034 Syrian.
417 993 453 1024 in
469 993 632 1033 Hermog.
650 992 702 1023 ed.
722 992 825 1023 Rabii
846 991 914 1023 uol.
938 1000 966 1022 ΙΙ
984 1002 1017 1032 p.
1041 992 1083 1023 23
1107 991 1344 1031 Ἀριστοφάνησ
1367 991 1382 1021 ὁ
1402 989 1626 1029 ’γραμματικὸσ

127 1068 134 1076 .
154 1068 161 1075 .
181 1046 204 1076 ὦ
230 1046 395 1084 Μένανδρε
420 1046 472 1075 καὶ
496 1046 558 1084 βίε,
585 1045 722 1084 πότεροσ
749 1044 796 1084 ἄρ’
825 1045 908 1081 ὑμῶν
938 1045 1069 1083 πότερον
1099 1044 1336 1080 ἀπεμιμήσατο,
1363 1041 1479 1081 Fayus
1506 1039 1625 1077 Quint.

98 1096 177 1127 inst.
205 1104 230 1126 X
257 1097 271 1127 l
301 1096 342 1127 69
368 1094 555 1126 Menander
572 1119 579 1126 .
600 1119 606 1126 .
627 1119 633 1125 .
652 1105 780 1126 omnem
804 1094 894 1125 uitae
919 1094 1098 1134 imaqinem
1123 1093 1292 1133 expressit,
1319 1092 1496 1123 Bentleius
1521 1090 1623 1121 Mart.

99 1155 166 1178 VIII
185 1147 204 1178 3
224 1147 266 1178 20
286 1149 440 1186 aqnoscat
459 1156 563 1177 ‘mores
582 1146 655 1177 uita
675 1145 818 1185 leyatque
837 1156 915 1176 suo-s
935 1146 984 1185 (in
1001 1145 1272 1186 epigrammatis)
1290 1156 1297 1180 ;
1331 1143 1419 1174 adde
1437 1143 1503 1174 Cic.
1522 1142 1624 1172 Rose.

98 1197 174 1229 Am.
196 1199 238 1229 47
260 1197 337 1229 haec
357 1197 494 1238 conficta
514 1197 653 1228 arbitror
674 1207 741 1228 esse
761 1207 782 1228 a
800 1197 907 1236 poetis
929 1197 1094 1236 (comicis)
1116 1200 1152 1226 ut
1173 1196 1290 1236 efficto-5·
1310 1198 1437 1226 nostros
1460 1203 1564 1224 mores
1588 1191 1626 1223 in

97 1248 218 1280 alienis
249 1248 401 1288 personis
436 1258 685 1288 expressamque
719 1248 898 1288 imayinem
932 1247 1022 1278 uitae
1055 1246 1240 1278 cotidianae
1274 1245 1473 1281 uideremus,
1508 1243 1626 1284 qualia

97 1299 207 1331 multa
229 1299 272 1331 de
294 1299 471 1331 comoedia
494 1299 630 1340 collegit
653 1299 806 1330 Marxius
829 1299 874 1330 ad
897 1298 1003 1329 Lucil.
1028 1298 1112 1339 frag.
1140 1299 1224 1329 1029
1315 1295 1441 1328 chartis
1465 1295 1624 1335 Scaliger,

97 1350 219 1382 charus
237 1350 283 1389 M,
303 1359 401 1382 carus
420 1349 485 1388 GL,
504 1359 603 1382 cusas
622 1350 696 1381 cod.
717 1350 879 1381 Venetus.
927 1349 1049 1381 chartis
1068 1349 1165 1389 (abl.)
1185 1348 1331 1380 sacrauit
1349 1351 1390 1379 ut
1408 1347 1482 1378 Liu.
1504 1354 1625 1377 XXXIX

96 1403 138 1434 40
159 1403 178 1433 7
198 1405 328 1433 sacrata
347 1401 492 1441 scriptis,
514 1401 602 1433 Stat.
626 1401 700 1432 silu.
724 1410 761 1432 IV
782 1402 800 1432 7
823 1402 841 1432 7
863 1411 912 1441 sq.
935 1404 1035 1432 cantu
1055 1400 1151 1431 Latio
1171 1399 1306 1431 sacraui
1324 1423 1330 1430 .
1352 1423 1358 1430 .
1379 1423 1386 1430 .
1409 1397 1536 1429 Thebas

142 1455 293 1486 477-485
306 1452 543 1493 significantur
555 1452 711 1493 tragoedi
724 1455 759 1483 et
772 1453 935 1493 togatarii
948 1455 983 1483 et
996 1452 1292 1493 pantomimorum
1305 1460 1411 1491 genus
1425 1448 1623 1489 tragoediae

96 1504 248 1535 uicinum
261 1505 436 1535 Πυλάδειον
450 1504 732 1544 cognominatum
745 1514 765 1534 a
778 1503 908 1544 Pylade
919 1503 1023 1540 Cilici,
1036 1503 1131 1534 cuius
1145 1504 1282 1543 ὄρχησισ
1299 1503 1446 1539 ὀγκώδησ
1464 1501 1624 1537 παθητική

96 1567 131 1586 τε
156 1557 207 1586 καὶ
231 1557 490 1592 πολυπρόσωποσ
513 1555 713 1596 perhibetur
734 1554 860 1586 Athen.
883 1565 916 1595 p.
940 1555 1016 1586 2013
1038 1557 1073 1585 et
1096 1554 1185 1585 Plut.
1207 1556 1340 1594 quaest.
1362 1563 1461 1584 conu.
1482 1560 1534 1582 vn
1554 1552 1574 1582 8
1593 1551 1623 1583 3.

95 1607 207 1638 erraui
220 1607 311 1638 enim
325 1606 370 1637 ad
383 1615 412 1637 Π
425 1607 466 1638 57
480 1606 545 1638 hoc
560 1606 634 1637 loco
648 1606 903 1637 comoediarum
917 1606 1137 1637 recitatorem
1151 1605 1297 1636 describi
1316 1607 1422 1636 ratus.
1471 1606 1625 1634 ceterum

96 1658 175 1690 uide
187 1657 327 1689 Lucian.
343 1666 466 1689 XXXIII
479 1659 517 1689 31
534 1659 566 1689 αἱ
587 1659 620 1689 δὲ
637 1659 807 1689 ὑποθέσεισ
824 1659 923 1688 κοιναὶ
940 1659 1146 1697 ἀμφοτέροισ,
1166 1659 1216 1688 καὶ
1237 1658 1325 1687 οὐδέν
1346 1669 1375 1686 τι
1397 1656 1623 1695 διακεκριμέναι

95 1711 157 1740 τῶν
181 1711 339 1750 τραγικῶν
365 1711 397 1739 αι’,
423 1710 622 1749 ὀρχηστικαῖ,
648 1711 734 1747 πλὴν
760 1711 806 1740 ὅτι
833 1710 1053 1749 ποικιλώτεραι
1080 1710 1171 1739 αὗται
1196 1710 1247 1739 καὶ
1272 1708 1548 1746 πολυμαθέστεραι
1573 1707 1623 1736 καὶ

95 1762 209 1800 μυρίαο·
236 1762 423 1798 μεταβολὰσ
450 1763 581 1799 ἔχουσαι
674 1762 738 1793 478
764 1759 909 1791 externis
934 1759 1008 1790 cod.
1035 1759 1189 1791 Cusanus
1212 1762 1248 1790 et
1270 1759 1352 1790 Vrb.
1379 1759 1454 1795 668,
1478 1760 1624 1797 uterque

95 1822 138 1843 ex
170 1812 377 1848 coniectura,
411 1811 576 1843 hesternis
610 1810 701 1842 GLM
805 1813 904 1852 aptus
937 1811 1033 1842 Voss.
1068 1813 1082 1842 l
1119 1811 1256 1851 aliique,
1293 1812 1389 1841 aetus
1422 1808 1514 1841 GLM
1547 1808 1621 1839 cod.

95 1863 259 1900 Venetus,
284 1866 325 1894 ut
348 1864 411 1894 447
437 1866 472 1894 et
496 1871 509 1893 1
533 1864 593 1894 821
688 1862 829 1893 externis
853 1873 995 1903 operum
1020 1863 1236 1898 commentis,
1261 1862 1325 1893 hoc
1350 1864 1403 1892 est
1427 1860 1557 1897 alienis,
1582 1862 1623 1890 ut

94 1915 158 1946 407
183 1917 353 1945 externos.
374 1938 381 1945 .
401 1938 408 1944 .
428 1913 561 1950 labores,
589 1913 688 1946 Ouid.
715 1916 797 1945 met.
824 1922 891 1944 VIII
916 1914 979 1945 879
1004 1923 1053 1953 sq.
1080 1913 1160 1953 quid
1184 1923 1291 1943 moror
1315 1911 1486 1943 externis?
1523 1911 1623 1942 etiarn

95 1965 179 1996 mihi
197 1975 313 2005 nempe
331 1965 482 1996 nouandi
500 1968 545 1995 est
567 1962 570 2007 Ι
590 1964 736 2004 corporis
754 1988 760 1995 .
782 1989 788 1995 .
809 1989 815 1995 .
831 1968 986 2004 poteslas,
1006 1964 1094 1996 Stat.
1115 1964 1221 1995 Theb.
1243 1973 1283 1994 IX
1302 1965 1364 1995 675
1384 1973 1433 2003 sq.
1455 1965 1623 1993 externum

95 2016 228 2047 haurire
250 2026 395 2047 cruorem
418 2014 422 2059 Ι
442 2026 479 2047 ac
495 2015 627 2056 fudisse
648 2026 758 2052 suum,
782 2024 806 2046 X
829 2017 892 2047 709
915 2026 964 2056 sq.
989 2015 1112 2046 externi
1134 2019 1160 2046 te
1182 2026 1298 2055 nempe
1318 2018 1428 2054 patres
1450 2013 1623 2053 alienaque

94 2070 232 2108 tanqum
254 2066 441 2110 {piqrwrat
481 2067 512 2098 si
539 2067 648 2107 pudor
679 2071 736 2104 est,
761 2067 912 2107 primum
942 2066 1092 2098 miserere
1119 2071 1260 2103 tuorum,
1289 2066 1363 2097 silu.
1392 2075 1406 2096 Ι
1432 2067 1451 2096 2
1482 2066 1543 2096 100
1571 2074 1621 2105 sq.

93 2129 157 2150 sua
174 2143 181 2150 .
201 2142 208 2149 .
228 2142 235 2150 .
253 2122 311 2150 aut
336 2122 467 2149 externa
492 2118 633 2149 reuoluit
656 2116 659 2161 Ι
679 2118 844 2155 uulnera;
883 2117 958 2149 Val.
986 2117 1036 2148 Fl.
1064 2126 1077 2148 Ι
1103 2119 1156 2155 63,
1182 2128 1285 2158 quem
1311 2127 1449 2148 uersum
1474 2116 1623 2148 editores

94 2170 221 2211 partim
241 2173 467 2210 corrumpunt
485 2170 613 2211 partim
632 2180 739 2211 praue
757 2170 1041 2210 interpretantur,
1061 2169 1231 2210 explicaui
1250 2170 1285 2200 in
1303 2167 1464 2200 Classical
1482 2168 1623 2199 Review

94 2232 148 2253 an.
176 2222 259 2253 1900
283 2232 316 2262 p.
342 2222 430 2253 469:
468 2221 607 2252 dracone
625 2245 632 2252 .
653 2245 659 2252 .
680 2245 686 2252 .
704 2231 799 2261 quem
822 2221 907 2261 reqis
924 2221 1003 2261 filia
1021 2245 1027 2252 .
1049 2245 1055 2252 .
1075 2245 1082 2251 .
1101 2231 1140 2251 ea:
1163 2220 1272 2260 adytis
1295 2224 1394 2251 cantu
1418 2219 1624 2259 dapibusque

93 2272 230 2304 uocabat
251 2271 255 2315 Ι
275 2276 303 2304 et
328 2272 425 2304 dabat
450 2276 578 2304 externo
605 2274 688 2312 (non
714 2272 872 2303 draconis
897 2273 1047 2313 proprio,
1073 2273 1133 2312 qui
1159 2275 1193 2303 et
1219 2273 1291 2312 ipse
1316 2274 1508 2302 uenenatus
1533 2272 1622 2309 erat)

93 2323 234 2355 liuentia
256 2323 353 2354 mella
375 2334 511 2354 ueneno.
559 2323 649 2355 male
671 2323 820 2364 Scaliger
842 2326 878 2354 et
900 2323 1053 2364 plerique
1076 2323 1297 2354 distinctione
1320 2322 1458 2353 sublata
1481 2323 1621 2353 coniun-

93 2377 181 2415 gunt
197 2374 337 2405 externis
352 2375 469 2414 poetis,
488 2375 582 2415 quod
599 2375 785 2415 Pingraeus
802 2385 960 2405 enarrare
977 2374 1099 2410 noluit,
1118 2385 1180 2415 ego
1197 2384 1267 2405 non
1283 2384 1434 2415 possum,
1453 2376 1488 2404 et
1505 2373 1622 2414 potuit

94 2427 130 2457 et
159 2425 271 2457 uoluit
301 2425 588 2467 lVageningenus,
623 2426 787 2457 ‘idoneus
818 2426 883 2456 erit
913 2426 974 2465 qui
1004 2425 1128 2456 reddat
1158 2428 1355 2456 commenta
1385 2424 1542 2460 aliorum,
1574 2434 1619 2455 sc.

93 2479 274 2517 poetarum
291 2476 298 2489 ’
391 2479 454 2510 479
478 2476 583 2508 tacito
607 2476 643 2508 M
667 2477 756 2508 sicut
780 2477 972 2507 coniecerat
997 2476 1112 2508 Carrio
1137 2480 1208 2507 ant.
1235 2476 1311 2507 lect.
1339 2485 1366 2506 11
1391 2486 1418 2507 0.
1447 2477 1498 2512 18,
1523 2477 1621 2506 tanto

94 2526 159 2566 GL,
178 2529 316 2559 tantum
334 2527 362 2559 G
379 2538 451 2559 uar.
472 2538 517 2559 m.
541 2530 568 2559 l.
617 2528 757 2559 Lucian.
779 2536 902 2558 XXXIII
921 2529 962 2559 63
982 2528 1177 2558 Demetrius
1197 2527 1344 2568 Cynicus
1363 2527 1620 2568 pantomimum

93 2578 285 2610 admiratus
312 2579 484 2610 exclamat
512 2581 626 2616 ἀκούω,
653 2581 810 2619 ἄνθρωπε,
837 2582 856 2609 ἃ
884 2581 987 2616 ποεΐσ,
1017 2581 1075 2618 οὐχ
1103 2579 1162 2619 ὁρῶ
1188 2581 1294 2616 μόνον,
1323 2579 1409 2609 ἀλλά
1435 2591 1486 2615 μοι
1515 2579 1620 2609 δοκεΐο·

93 2631 167 2660 ταῖσ
190 2632 301 2670 χερσὶν
326 2632 440 2661 αι’·ταῖο·
464 2633 585 2668 λαλεῖν,
608 2631 704 2662 anth.
730 2630 802 2661 Pal.
828 2630 975 2671 append.
999 2630 1143 2661 Planud.
1167 2631 1230 2661 290
1256 2632 1274 2661 6
1299 2631 1492 2668 παμφώνοισ
1515 2632 1619 2669 χερσί,

94 2680 243 2712 Cassiod.
261 2692 332 2712 uar.
350 2690 363 2712 I
378 2683 420 2713 20
436 2683 467 2718 5,
484 2690 521 2712 Iv
537 2683 575 2712 51
595 2683 614 2713 8
704 2681 852 2712 referens
866 2682 895 2719 *‚
911 2681 1034 2712 referet
1049 2680 1165 2717 GL²M‚
1181 2681 1284 2712 refert
1299 2681 1324 2712 L
1340 2693 1346 2712 :
1376 2684 1621 2721 permutantur

95 2742 165 2763 —ens
186 2733 291 2772 (ans)
312 2736 353 2763 -et
372 2734 447 2772 (-at)
467 2741 480 2763 1
499 2734 573 2769 321,
594 2734 669 2769 480,
690 2741 718 2763 II
736 2734 811 2769 349,
832 2733 906 2770 615,
927 2742 969 2763 III
990 2734 1066 2769 606,
1089 2734 1163 2769 678,
1184 2742 1221 2763 IV
1240 2734 1316 2769 448,
1338 2733 1412 2764 493.
1461 2732 1515 2763 hic
1537 2735 1619 2763 ante

94 2783 209 2814 omnia
225 2784 416 2815 curandum
432 2787 506 2815 erat
522 2787 562 2815 ut
583 2794 646 2815 sua
667 2783 802 2815 dicendo
819 2783 922 2824 saciet
943 2784 989 2815 ad
1010 2795 1068 2815 ora
1089 2795 1132 2816 ne
1153 2785 1346 2820 referretur,
1370 2783 1535 2824 quoniam
1559 2793 1619 2814 ora

92 2844 154 2867 nec
175 2834 338 2867 dicuntur
358 2845 420 2866 nec
441 2845 670 2878 possessorem
691 2838 854 2873 mutant3
890 2835 994 2877 idque
1014 2836 1128 2867 effecit
1150 2835 1213 2867 Ed.
1237 2835 1420 2867 Muellerus
1442 2835 1477 2866 in
1498 2834 1617 2876 philol.
