1855 3088
182 99 238 139 90
773 98 835 140 Μ.
868 97 1119 141 MANILII

341 209 571 251 femineum
588 209 716 251 rubro
735 210 906 251 uultum
925 210 1084 251 suffusa
1103 224 1279 265 pyropo,

341 284 588 339 inuenitque
608 299 753 339 parem
773 284 850 326 sub
870 289 927 334 te,
949 284 1178 339 Cynosura,
1200 285 1393 335 colorem,

341 363 385 400 et
404 373 509 414 quos
529 359 764 413 Delphinus
783 359 991 400 iaculatur
1012 364 1215 414 quattuor
1235 359 1350 414 ignes

341 433 630 488 Deltotonque
650 433 786 474 tribus
806 433 981 483 facibus,
1003 433 1211 488 similique
1230 434 1438 475 nitentem

219 514 286 546 715
341 507 432 549 luce
452 507 652 562 Aquilam
671 512 714 549 et
733 507 864 548 flexos
883 522 957 562 per
976 507 1136 548 lubrica
1155 512 1274 562 terga
1293 508 1508 549 dracones.

179 716 186 723 .
206 715 213 723 .
234 715 241 723 .
259 691 475 729 contrahitur,
493 691 585 723 Petr.
615 692 657 723 64
685 692 705 723 7
727 691 872 732 ingentis
889 690 1020 732 formae
1037 715 1044 723 .
1064 716 1071 723 .
1092 715 1099 723 .
1117 691 1225 729 canis,
1250 691 1383 724 Colum.
1412 700 1441 723 11
1464 693 1484 723 2
1508 692 1552 723 24
1575 691 1718 723 minoris

173 742 304 784 formae
343 743 459 780 bubus,
498 743 586 775 Plin.
627 743 698 775 n.h.
740 751 859 775 xxxrv
900 743 941 774 19
980 743 1130 775 maxima
1161 741 1274 783 forma
1312 747 1466 775 statuam.
1515 753 1585 775 non
1625 744 1718 774 recte

178 795 267 826 thes.
302 794 384 836 ling.
421 794 499 826 Lat.
535 803 574 825 VI
607 805 641 836 p.
678 796 758 826 1071
795 796 838 826 45
873 794 998 835 ‘genus
1032 794 1156 826 coloris
1171 794 1192 831 ’‚
1226 804 1338 835 neque
1370 795 1463 826 enim
1495 804 1555 826 sex
1588 794 1718 826 colores

177 848 437 883 enumerantur,
454 856 603 887 quorum
623 845 679 877 hic
698 845 824 877 tertius
845 846 901 876 sit.
949 848 1102 877 ceterum
1124 846 1286 877 Pliadum
1307 846 1403 877 nulla
1422 846 1565 877 tertiam
1586 845 1717 887 magni·

177 897 338 929 tudinem
363 897 518 939 attingit,
545 907 761 938 quamquam
786 897 875 929 duae
899 897 990 928 inter
1015 907 1050 928 se
1075 897 1254 938 proximae
1279 907 1357 928 eam
1381 898 1530 938 speciem
1555 896 1719 938 praebere

178 951 326 991 possunt
417 951 480 983 711
508 949 607 990 Verg.
637 959 750 990 georg.
780 957 795 979 1
821 950 885 980 430
914 949 1106 988 uirqineum
1131 949 1310 990 suffuderit
1337 959 1390 980 ore
1417 949 1567 980 ruborem
1594 948 1718 988 (luna),

181 1000 282 1033 Ouid.
303 1002 385 1031 met.
407 1008 421 1031 1
438 1002 504 1032 484
522 1000 706 1032 uerecundo
724 999 909 1042 suffuderat
927 1000 985 1040 (al.
1005 999 1228 1042 suffunditur)
1248 1011 1306 1031 ora
1324 1001 1450 1037 rubore,
1470 1010 1577 1031 amor.
1598 1008 1642 1030 111
1660 1000 1680 1031 3
1700 1000 1720 1031 5

177 1051 353 1083 candorem
364 1061 454 1083 roseo
464 1052 597 1093 suffusa
607 1052 723 1083 rubore
811 1051 914 1083 rubro
926 1051 972 1090 M,
984 1051 1070 1083 rubo
1082 1050 1147 1090 GL,
1159 1051 1265 1083 rubeo
1276 1052 1351 1083 eod.
1368 1052 1532 1083 Venetus.
1580 1050 1721 1082 Pliadas

178 1103 319 1145 proprio
335 1102 579 1145 appellationis
594 1113 696 1134 sensu
713 1104 817 1144 (quae
832 1103 909 1144 ipsa
925 1113 1031 1144 quam
1046 1103 1180 1134 incerta
1195 1103 1252 1140 sit,
1270 1113 1349 1135 cum
1365 1103 1466 1134 aliter
1480 1103 1606 1134 rubeat
1619 1101 1721 1143 ignis,

178 1155 280 1186 aliter
296 1154 449 1196 sanguis,
466 1154 570 1186 aliter
586 1158 732 1192 ostrum,
750 1154 854 1186 aliter
871 1165 1023 1192 crocum,
1041 1154 1144 1186 aliter
1161 1165 1297 1192 aurum,
1316 1154 1447 1186 Gellius
1464 1163 1493 1185 11
1509 1155 1552 1185 26
1569 1152 1721 1193 disserit)

178 1205 302 1238 rubras
323 1217 393 1238 non
414 1216 488 1238 esse
509 1207 624 1238 sciunt
645 1207 707 1247 qui
728 1206 902 1243 uiderunt,
927 1209 968 1238 ut
995 1206 1163 1247 suspicari
1185 1206 1297 1247 possit
1317 1205 1444 1246 aliquis
1465 1205 1550 1237 nihil
1571 1204 1721 1247 amplius

178 1257 366 1299 significari
380 1267 487 1298 quam
502 1257 599 1289 illam
614 1257 702 1289 lucis
718 1257 997 1289 mediocritatem
1014 1268 1121 1298 quam
1137 1257 1352 1299 Porphyrius
1369 1260 1505 1298 ἀμυδρόσ
1522 1259 1559 1288 et
1579 1258 1720 1296 στυγνόσ

178 1309 360 1341 uocabulis
375 1309 604 1346 demonstrat,
622 1311 663 1341 ut
680 1309 757 1341 Seu.
776 1318 846 1349 n.q.
866 1316 920 1339 vn
938 1311 974 1340 11
996 1309 1016 1340 3
1031 1312 1131 1349 prout
1147 1308 1264 1349 cuique
1281 1309 1388 1340 acrior
1404 1309 1491 1340 acies
1508 1312 1566 1339 aut
1582 1307 1723 1339 hebetior

179 1365 237 1398 est,
266 1360 314 1392 ita
341 1359 390 1392 ait
417 1363 475 1392 aut
502 1359 696 1392 lucidiorem
723 1371 791 1392 esse
819 1360 1006 1400 (cometen)
1035 1363 1093 1391 aut
1119 1359 1410 1397 rubicundiorem;
1452 1359 1508 1391 eui
1534 1357 1722 1400 suspicioni

181 1422 261 1444 cum
274 1422 345 1443 non
359 1412 478 1444 obstet
491 1412 629 1443 colorem
642 1422 745 1444 uersu
759 1413 957 1453 insequenti
971 1411 1136 1453 positum,
1148 1421 1217 1452 qua
1227 1422 1312 1443 uoce
1326 1420 1340 1442 1
1353 1412 1418 1443 407
1432 1414 1468 1443 et
1484 1411 1550 1442 459
1565 1413 1720 1442 tantum-

181 1463 286 1495 modo
296 1463 414 1495 lumen
423 1462 648 1504 significatur,
660 1464 880 1504 aliquantum
893 1463 1013 1494 obstat
1024 1463 1149 1504 pyropi
1160 1473 1298 1500 nomen,
1310 1462 1360 1494 rei
1371 1462 1415 1494 ab
1425 1462 1527 1504 igneo
1540 1461 1722 1503 splendore

180 1514 387 1556 appellatae.
435 1524 525 1555 quae
547 1514 681 1546 Bollius
702 1515 745 1545 de
765 1515 831 1546 hoc
851 1514 927 1545 loco
949 1514 1146 1556 disputauit
1167 1514 1256 1546 Abh.
1281 1514 1313 1545 d.
1333 1514 1432 1546 koen.
1457 1515 1573 1555 bayer.
1597 1512 1663 1545 Ak.
1687 1512 1720 1544 d.

182 1566 284 1599 Wiss.
297 1565 417 1607 philol.
430 1565 489 1597 Kl.
504 1575 583 1597 xxx
599 1566 610 1596 i
626 1576 684 1607 pp.
700 1566 787 1597 87-9
803 1566 932 1607 partim
948 1566 1056 1597 falsae
1070 1567 1224 1607 opinioni
1237 1567 1446 1602 innituntur,
1459 1565 1589 1607 partim
1605 1564 1722 1595 animo

181 1628 252 1650 non
273 1617 362 1649 satis
381 1617 532 1658 ingenuo
554 1617 687 1658 scripta
701 1620 808 1654 sunt;
845 1617 905 1648 sed
928 1617 1022 1657 quod
1044 1620 1186 1658 poetam
1207 1617 1338 1658 raptim
1361 1627 1403 1648 ex
1426 1615 1628 1648 auctoribus
1650 1614 1722 1647 suis

181 1679 272 1710 quae
299 1669 374 1710 ipse
402 1679 526 1710 parum
554 1669 770 1710 intellegeret
793 1668 1013 1709 exscripsisse
1042 1669 1167 1709 arguit,
1197 1668 1233 1699 id
1261 1678 1344 1699 sane
1373 1667 1551 1709 probabile
1579 1669 1634 1698 est

228 1720 399 1761 ‘pyropus
414 1719 422 1732 ’
445 1720 538 1752 unde
559 1720 811 1761 lexicographis
831 1720 1025 1751 innotuerit
1045 1720 1183 1751 nescio:
1220 1722 1312 1751 certe
1335 1720 1417 1751 Isid.
1441 1719 1525 1761 orig.
1549 1727 1615 1749 XVI
1636 1719 1679 1750 20
1703 1718 1723 1749 6

179 1782 349 1812 pyropum
381 1773 436 1803 est
527 1773 591 1804 712
622 1770 822 1812 inuenitque
855 1770 946 1809 L2M,
978 1770 1113 1802 inuenti
1145 1770 1199 1802 GL
1290 1770 1469 1812 Cynosura
1501 1774 1571 1802 tres
1605 1768 1724 1801 stellas

180 1823 306 1855 tertiae
332 1821 450 1854 classis
474 1822 594 1859 habet,
620 1832 835 1863 quamquam
862 1822 1082 1854 Ptolemaeus
1108 1822 1195 1853 duas
1221 1832 1340 1854 earum
1365 1822 1537 1854 secundae
1562 1821 1725 1862 adsignat

180 1876 276 1916 synt.
294 1882 349 1905 vn
365 1876 385 1905 5
402 1873 519 1915 (Heib.
538 1874 609 1906 uol.
627 1882 641 1904 1
656 1874 681 1905 ii
697 1885 730 1915 p.
750 1874 807 1913 39)
899 1874 1050 1907 713—715
1068 1874 1281 1915 interpunxi,
1299 1874 1383 1905 ordo
1400 1875 1454 1905 est
1469 1873 1562 1904 enim
1579 1876 1608 1904 et
1624 1881 1724 1914 pares

181 1925 318 1958 inuenit
345 1925 438 1965 iqnes
469 1935 550 1967 quos
585 1924 779 1965 Delphinus
809 1929 962 1966 quattuor
986 1924 1122 1965 facibus
1161 1925 1375 1966 Deltotonque
1410 1925 1515 1956 tribus
1545 1924 1722 1961 iaculatur,

182 1977 352 2017 similique
371 1977 442 2008 luce
460 1977 601 2008 nitentes
619 1976 755 2008 inuenit
774 1975 937 2018 Aquilam
957 1980 985 2008 et
1004 1976 1171 2008 dracones.
1219 1977 1279 2008 sed
1299 1986 1370 2008 non
1388 1975 1553 2007 libentius
1571 1979 1724 2017 quattuor

183 2029 276 2069 iqnes
298 2028 497 2069 disiungent
518 2038 625 2069 quam
647 2029 712 2060 568
733 2028 794 2059 illa
815 2028 887 2059 dies
978 2030 1042 2061 '713
1062 2027 1241 2069 delphinus
1262 2028 1351 2066 L²M‚
1373 2027 1550 2069 delphinos
1570 2026 1625 2058 GL
1646 2026 1721 2058 cod.

184 2080 338 2112 Venetus
358 2082 501 2121 propter
520 2090 602 2121 quos
691 2080 757 2111 hae
777 2084 931 2121 quattuor
951 2079 1044 2111 faces
1065 2090 1125 2111 eae
1141 2082 1224 2111 sunt
1239 2090 1329 2120 quae
1350 2082 1386 2111 τὸ
1407 2081 1595 2121 ῥομβοειδὲσ
1613 2079 1723 2119 τετρά-

186 2135 325 2172 πλευρον
338 2131 518 2172 effingunt,
530 2131 628 2163 Atat.
641 2131 706 2163 317
718 2141 770 2172 Sq.
784 2133 824 2163 τὰ
838 2133 872 2163 δέ
885 2134 911 2162 οἱ
926 2134 997 2171 περὶ
1011 2134 1152 2172 τέσσαρα
1170 2133 1268 2162 κεῖται
1284 2129 1437 2173 ΙΎλήνεα;
1455 2130 1590 2162 accedit
1599 2129 1724 2170 quinta

184 2182 338 2214 eiusdem
353 2181 471 2214 classis
484 2182 519 2213 in
534 2182 646 2214 cauda
659 2183 775 2223 posita
866 2184 930 2216 ’714
943 2182 1059 2219 tribus,
1075 2192 1164 2223 quae
1178 2183 1214 2214 in
1228 2182 1363 2223 angulis
1376 2181 1564 2214 collocatae
1578 2181 1723 2222 figuram

185 2234 307 2266 sideris
334 2234 489 2265 efficiunt
580 2236 644 2267 715
672 2234 834 2275 Aquilam
862 2244 932 2265 non
960 2233 1244 2275 expectabamus,
1273 2244 1362 2275 quae
1390 2236 1528 2275 praeter
1556 2234 1725 2273 quattuor

184 2285 310 2317 tertiae
336 2285 587 2326 magnitudinis
612 2295 719 2316 unam
745 2285 882 2317 stellam
909 2285 1016 2317 habet
1042 2286 1213 2317 secundae
1239 2296 1279 2317 ac
1305 2285 1422 2326 potius
1448 2284 1591 2326 primae,
1618 2293 1724 2324 quam

186 2339 222 2368 et
251 2336 364 2378 ipsam
395 2335 616 2368 Ptolemaeus
647 2337 763 2368 Ἀετόν
794 2336 959 2378 appellat,
991 2347 1054 2368 nos
1083 2336 1232 2368 Arabico
1257 2336 1396 2368 nomine
1419 2336 1531 2367 Altair
1620 2334 1725 2366 flexos

185 2395 245 2428 per
266 2387 398 2419 lubrica
421 2387 468 2425 M,
492 2387 598 2419 flexos
620 2387 658 2419 in
679 2387 811 2419 lubrica
833 2387 886 2426 L2,
909 2387 1040 2420 lubrica
1062 2387 1168 2419 flexos
1190 2388 1227 2419 in
1251 2387 1305 2419 GL
1329 2388 1404 2428 (qui
1427 2388 1538 2429 primo
1561 2385 1666 2418 flexos
1689 2385 1726 2417 in

187 2439 377 2478 omiserat),
402 2439 520 2470 omnia
543 2442 626 2480 post
647 2439 797 2481 aquilam
821 2449 888 2470 om.
915 2440 990 2470 eod.
1006 2439 1160 2471 Venetus
1249 2439 1413 2471 dracones
1436 2438 1484 2476 M,
1507 2438 1622 2470 leones
1646 2436 1724 2468 GL:

187 2489 279 2521 Petr.
299 2490 362 2521 134
380 2491 419 2521 12
439 2491 478 2522 10
494 2489 651 2521 dracones
666 2490 710 2521 al.
727 2490 845 2522 leones,
893 2490 987 2522 Seru.
1005 2501 1117 2532 georg.
1136 2498 1151 2521 Ι
1165 2492 1230 2522 205
1245 2494 1308 2522 tres
1322 2494 1401 2522 sunt
1416 2500 1540 2530 anques
1556 2489 1593 2520 in
1608 2487 1696 2520 caelo
1715 2497 1725 2518 .·

186 2551 277 2572 unus
296 2540 356 2581 qui
375 2541 413 2572 in
432 2541 651 2581 septentrione
671 2545 727 2578 est,
749 2542 830 2573 alter
849 2541 1029 2582 Ophiuchi,
1049 2543 1164 2573 tertius
1184 2542 1354 2578 australis,
1375 2541 1413 2572 in
1432 2551 1495 2582 quo
1514 2544 1593 2572 sunt
1613 2539 1726 2571 Crater

188 2595 218 2624 et
250 2591 391 2623 Coruus.
439 2592 564 2623 horum
596 2593 879 2633 septentrionalis
911 2593 1005 2635 apud
1038 2592 1278 2625 Ptolemaeum
1316 2595 1407 2630 octo,
1440 2595 1516 2632 ὄφισ
1551 2593 1725 2631 ,Οφιούχου

188 2644 352 2684 quinque,
382 2643 526 2684 Hydrus
553 2645 625 2675 tres
652 2643 772 2675 stellas
798 2645 923 2676 tertiae
953 2645 1202 2685 magnitudinis
1230 2644 1348 2681 habet,
1377 2644 1438 2676 sed
1465 2644 1520 2675 hic
1548 2643 1726 2684 praeterea

189 2704 296 2726 unam
326 2694 498 2726 secundae
591 2696 654 2728 716
687 2697 823 2727 sextum
845 2696 874 2734 *,
910 2695 1069 2736 quintum
1098 2696 1177 2727 libri
1207 2696 1398 2727 admodum
1427 2694 1573 2736 procliui
1601 2702 1724 2730 errore,

188 2745 308 2787 quales
331 2745 499 2787 plurimos
522 2748 686 2777 notarum
709 2746 901 2778 similitudo
924 2747 960 2778 in
984 2757 1106 2789 prosae
1130 2747 1296 2779 orationis
1320 2747 1528 2788 scriptorum
1551 2744 1726 2777 codicibus

188 2797 320 2829 creauit
339 2796 451 2836 (uelut
469 2796 574 2829 Firm.
595 2805 640 2828 111
658 2799 678 2829 5
696 2799 740 2829 25
757 2797 837 2829 libri
854 2798 984 2839 partim
1002 2809 1021 2830 v
1039 2798 1168 2840 partim
1187 2809 1231 2836 vi,
1254 2800 1290 2830 11
1314 2799 1334 2830 8
1352 2808 1442 2830 unus
1460 2808 1494 2830 vi
1511 2807 1575 2839 pro
1593 2797 1637 2837 v),
1655 2805 1726 2828 non
