1855 3088
592 140 1074 184 ASTRONOMICON
1105 140 1147 183 V
1579 145 1632 183 37

264 258 392 308 atque
411 267 544 295 unum
562 267 693 308 genus
711 253 757 295 in
774 254 932 295 multas
950 253 1114 295 uariare
1133 253 1300 308 figuras.

140 336 207 367 285
263 333 318 377 et,
340 327 439 382 quia
458 327 672 382 dispositis
691 327 911 373 habitatur
931 328 1045 383 spica
1066 343 1139 382 per
1159 333 1295 369 artem

262 401 464 456 frugibus,
486 406 529 442 et
548 406 710 443 structo
730 401 875 443 similis
895 402 1147 456 conponitur
1167 402 1283 451 ord0,

263 475 573 530 seminibusque
593 476 678 516 suis
698 476 821 517 cellas
842 481 971 531 atque
990 476 1138 517 horrea
1158 476 1345 530 praebet,

263 549 524 604 sculpentem
542 550 670 591 faciet
689 550 846 591 sanctis
865 550 1079 605 laquearia
1098 549 1267 604 templis

262 624 597 679 condentemque
616 638 777 665 nouum
796 624 959 665 caelum
978 638 1052 679 per
1070 629 1186 665 tecta
1206 623 1423 665 Tonantis.

138 704 208 737 290
261 697 364 739 haec
383 697 523 739 fuerat
543 698 759 753 quondam
778 698 886 740 diuis
907 713 1102 740 concessa
1121 698 1267 753 figura,

262 786 374 813 nunc
392 772 478 813 iam
497 772 686 813 luxuriae
705 787 803 827 pars
823 777 887 814 est
907 787 914 814 :
951 772 1132 814 triclinia
1151 772 1321 827 templis

262 851 521 897 concertant,
542 846 729 902 tectique
749 861 851 888 auro
870 847 956 888 iam
975 847 1184 888 uescimur
1202 861 1318 888 auro.

100 1008 187 1037 tum.
235 1006 356 1037 Moret.
374 1007 417 1037 26
433 1016 483 1047 sq.
501 1009 585 1038 rotat
601 1005 782 1038 adsiduum
796 1006 887 1047 qyris
904 1009 932 1038 et
948 1006 1088 1038 concitat
1103 1006 1222 1044 orbem,
1246 1004 1250 1049 Ι
1271 1010 1370 1038 tunsa
1387 1005 1483 1037 Ceres
1499 1005 1634 1037 silicum

100 1056 219 1097 rapido
238 1056 380 1088 decurrit
398 1057 438 1088 ab
458 1058 526 1088 ictu
625 1068 774 1098 merqere,
795 1058 918 1095 Moret,
939 1059 982 1089 44
1001 1068 1051 1099 sq.
1074 1058 1203 1098 tepidas
1221 1068 1322 1097 super
1341 1058 1460 1097 inqerit
1483 1057 1604 1094 undas,
1629 1055 1632 1100 Ι

100 1107 261 1140 contrahit
287 1108 451 1140 admixtos
477 1112 554 1140 tunc
575 1108 686 1149 fontes
712 1113 807 1149 atque
828 1109 965 1149 farinas
1055 1108 1149 1141 farra
1175 1109 1211 1140 M
1238 1112 1273 1140 et
1300 1120 1362 1150 pro
1389 1119 1461 1140 uar.
1491 1108 1568 1140 leet.
1598 1107 1635 1146 L,

101 1168 199 1191 sacra
220 1158 274 1190 GL
365 1162 430 1193 284
450 1160 554 1191 Firm.
578 1169 647 1191 vm
670 1162 709 1192 10
732 1161 751 1192 3
767 1160 854 1200 facit
870 1161 969 1192 etiarn
986 1161 1115 1201 (Spica)
1131 1161 1274 1200 pistores
1290 1160 1482 1191 dulciarios.
1531 1160 1633 1191 Mart.

101 1219 166 1241 XIV
177 1211 241 1241 222
259 1218 385 1242 PIS'roR
403 1219 630 1242 DVLCIARIVS.
680 1211 770 1242 mille
786 1211 847 1242 tibi
862 1211 971 1243 dulces
984 1222 1121 1251 operum
1134 1222 1256 1242 manus
1270 1212 1334 1242 ista
1344 1211 1476 1252 fiquras
1494 1210 1497 1254 Ι
1514 1214 1636 1242 extruet

189 1261 323 1293 uariare
354 1261 512 1303 Scaliger,
545 1261 726 1303 uariasque
757 1262 844 1293 libri.
893 1264 954 1303 qui
984 1264 1227 1304 ingeniosiores
1259 1273 1330 1294 esse
1361 1262 1492 1299 uolent,
1525 1263 1638 1293 sciant

102 1312 296 1344 Breiterum
317 1314 533 1345 coniecturae
555 1313 598 1344 de
619 1313 753 1344 emend.
776 1313 868 1345 Man.
893 1325 925 1355 p.
952 1315 992 1345 18
1014 1314 1171 1355 prolatae
1192 1317 1314 1355 postea
1336 1314 1547 1355 paenituisse

146 1365 298 1397 285-288
323 1365 541 1405 interpunxit
567 1364 766 1396 Bentleius:
810 1365 912 1405 ‘quia
936 1365 1031 1405 spica
1056 1366 1171 1406 inquit
1196 1365 1363 1396 habitatur
1382 1364 1539 1406 sruqibus
1565 1365 1638 1395 siue

100 1415 226 1455 granis,
250 1425 336 1456 quas
359 1416 395 1446 in
417 1415 541 1456 glumis
564 1419 627 1447 aut
649 1415 809 1447 folliculis
833 1420 1016 1457 tamquam
1040 1417 1077 1447 in
1100 1416 1190 1448 cellis
1213 1420 1308 1456 atque
1331 1416 1454 1447 horreis
1479 1416 1637 1447 conditas

100 1469 209 1503 tenet,
234 1477 362 1507 eaeque
385 1467 500 1508 fruges
523 1468 559 1498 in
582 1468 677 1508 spica
700 1467 877 1508 artificiose
900 1467 1082 1507 dispositae
1102 1471 1181 1499 sunt
1204 1471 1240 1499 et
1263 1471 1464 1508 componunt
1487 1467 1637 1498 ordinem

101 1517 246 1548 similem
266 1517 379 1549 ordini
400 1518 554 1549 humana
576 1522 650 1550 arte
673 1521 780 1559 atque
802 1529 906 1560 opera
927 1522 1059 1555 struem,
1082 1520 1165 1559 quia
1186 1519 1282 1555 haec,
1306 1520 1461 1559 inquam,
1484 1519 1520 1549 in
1542 1519 1637 1559 spica

101 1571 194 1605 sunt,
224 1569 324 1610 quasi
353 1572 428 1600 arte
457 1572 493 1600 et
523 1569 641 1601 ordine
671 1573 707 1600 et
736 1570 929 1601 rationibus
959 1570 1248 1607 architectonicis,
1279 1570 1406 1601 idcirco
1435 1569 1637 1609 sculpentem

95 1618 198 1660 faciet
211 1620 336 1651 sanctis
349 1620 520 1660 laquearia
534 1620 666 1660 templis
682 1621 700 1651 ’.
749 1621 898 1662 Scaliger
912 1622 1064 1653 288-292
1079 1625 1159 1662 post
1173 1623 1237 1653 508
1251 1622 1435 1652 traiecerat
1449 1624 1637 1662 praeeunte

101 1670 218 1711 aliqua
237 1681 279 1702 ex
299 1674 399 1712 parte
419 1682 511 1703 man.
533 1682 598 1703 rec.
621 1673 656 1703 in
677 1671 704 1703 G
723 1672 760 1703 lii
779 1673 923 1712 quinque
943 1683 1060 1703 uersus
1081 1672 1172 1713 infra
1192 1673 1367 1704 reiiciendi
1458 1675 1521 1705 285
1541 1671 1636 1703 habi-

100 1723 194 1753 tatur
219 1721 308 1761 L2M,
336 1721 504 1754 habeatur
531 1722 596 1761 GL,
625 1722 770 1754 habetur
798 1723 871 1754 cod.
902 1723 1065 1755 Venetus.
1115 1733 1152 1755 IV
1180 1725 1244 1756 302
1273 1724 1373 1764 inque
1400 1724 1507 1754 uicem
1535 1723 1638 1754 ternis

99 1772 290 1804 habitantur
301 1773 412 1805 sidera
423 1774 531 1814 siquis
547 1786 554 1811 ;
580 1774 660 1805 uide
673 1775 779 1806 etiam
791 1783 814 1805 v
827 1775 891 1806 399
983 1777 1047 1808 286
1060 1777 1093 1806 et
1105 1777 1234 1807 structo
1248 1775 1435 1811 Bentleius,
1449 1776 1638 1806 exstructos

101 1823 139 1862 G,
160 1825 334 1856 exsti-actu
353 1824 427 1856 cod.
449 1825 614 1862 Venetus,
635 1825 823 1857 destructos
843 1825 916 1864 LM,
937 1827 1029 1857 unde
1049 1835 1089 1858 ac
1110 1826 1248 1858 Ellisius
1268 1827 1450 1857 Hermath.
1473 1837 1527 1857 an.
1552 1827 1636 1857 1893

100 1885 133 1916 p.
158 1876 235 1912 282,
258 1875 354 1916 quod
376 1886 499 1907 uerum
521 1879 618 1917 puto.
668 1877 816 1908 contulit
839 1877 989 1918 Scaliger
1011 1877 1078 1909 Cic.
1104 1888 1173 1909 sen.
1199 1879 1237 1908 51
1258 1877 1391 1918 sruqem
1412 1877 1501 1917 spici
1522 1876 1637 1908 ordine

100 1929 258 1958 structam
349 1929 502 1960 288-292
521 1928 557 1958 in
578 1927 604 1959 L
625 1938 687 1959 nec
706 1929 818 1969 prima
836 1939 898 1959 nec
917 1939 958 1959 ea
973 1939 1079 1969 quam
1095 1929 1283 1960 secundam
1299 1928 1472 1970 appellare
1488 1928 1636 1960 solemus

102 1988 226 2009 manus
247 1978 395 2019 scripsit,
418 1978 478 2009 sed
496 1981 615 2010 tamen
637 1980 792 2020 antiqua.
841 1979 1002 2020 qualibus
1025 1984 1144 2011 autem
1167 1980 1365 2011 hominibus
1388 1981 1423 2011 in
1446 1980 1511 2011 hoc
1535 1990 1637 2021 opere

101 2030 321 2061 successerim
345 2030 554 2061 documento
578 2031 623 2061 sit
645 2030 740 2070 quod
763 2034 798 2062 et
822 2031 997 2062 Breiterus
1020 2034 1055 2062 et
1078 2031 1355 2072 VVageningenus
1378 2031 1507 2062 recenti
1530 2041 1637 2062 manu

100 2080 136 2111 in
165 2081 319 2121 margine
347 2081 514 2122 scriptum
543 2091 616 2112 esse
644 2085 788 2113 narrant
816 2081 897 2113 olim
925 2082 1047 2113 lacuna
1063 2093 1074 2118 ,·
1115 2082 1343 2114 restituimus:
1387 2083 1555 2123 scriptum
1584 2085 1637 2113 est

103 2141 222 2172 reapse
248 2131 330 2162 olim
357 2131 529 2172 laquearia
556 2136 584 2163 et
611 2132 790 2164 testudines
809 2133 936 2174 fiebant
962 2133 1069 2164 solum
1097 2133 1134 2164 in
1161 2134 1303 2173 templis,
1332 2134 1456 2164 deinde
1483 2133 1636 2164 eiusdem

103 2183 298 2223 argumenti
328 2182 438 2224 plura.
487 2194 530 2214 ne
559 2183 619 2214 illa
649 2184 791 2224 quidem
821 2195 911 2225 quae
939 2183 967 2216 G
992 2185 1028 2216 in
1055 2186 1209 2225 margine
1235 2185 1342 2216 habet
1368 2186 1419 2216 ita
1446 2185 1637 2216 describere

101 2236 291 2274 potuerunt
308 2237 349 2265 ut
366 2244 437 2266 non
453 2245 560 2266 unam
578 2245 699 2266 uocem
717 2237 920 2267 omitterent
1011 2238 1076 2269 288
1092 2236 1304 2276 scalpentem,
1323 2247 1402 2267 eum
1420 2237 1480 2276 qui
1497 2235 1636 2277 sculpit,

102 2283 181 2316 uide
197 2284 243 2316 ad
261 2286 323 2317 179
415 2288 479 2319 289
495 2296 622 2317 nouum
638 2286 776 2323 caelum,
795 2287 970 2318 diuersum
987 2287 1032 2318 ab
1049 2297 1088 2318 eo
1106 2287 1197 2318 unde
1214 2287 1298 2318 deus
1315 2287 1493 2318 descendit
1509 2299 1516 2318 :
1546 2287 1635 2318 Vitr.

103 2343 156 2366 VH
172 2336 192 2367 3
210 2337 229 2367 3
246 2336 386 2367 cameris
404 2336 578 2377 dispositis
596 2341 624 2368 et
641 2337 775 2368 intextis
792 2338 899 2368 imum
915 2338 1043 2369 caelum
1059 2349 1174 2369 earum
1191 2338 1399 2369 trullissetur.
1448 2338 1528 2370 uide
1545 2338 1635 2370 Stat.

99 2386 175 2417 silu.
196 2395 234 2417 1v
252 2388 272 2418 2
292 2388 331 2419 31
353 2388 465 2419 aurati
483 2412 490 2419 .
510 2412 517 2419 .
538 2412 545 2419 .
562 2392 659 2428 putes
678 2388 849 2429 laquearia
868 2389 951 2420 caeli
1040 2389 1192 2421 tonantis
1211 2390 1300 2421 Flor.
1322 2393 1357 2421 et
1377 2390 1488 2426 Bodi„
1507 2389 1638 2421 tenacis

102 2436 194 2468 GLM
220 2438 294 2469 cod.
323 2438 487 2476 Venetus,
515 2442 556 2470 ut
583 2448 620 2470 IV
647 2441 711 2471 252
733 2439 887 2480 fuqacern
913 2440 992 2471 libri
1018 2451 1080 2481 pro
1102 2440 1276 2481 fuqantem
1368 2443 1521 2474 290—292
1547 2441 1635 2472 Plin.

101 2489 172 2520 n.h.
197 2498 320 2520 XXXIII
341 2491 383 2521 57
406 2490 587 2530 laquearia,
610 2501 693 2530 quae
715 2501 804 2522 nunc
826 2495 854 2522 et
876 2491 914 2522 in
932 2492 1081 2532 priuatis
1103 2492 1254 2523 domibus
1275 2503 1357 2523 auro
1379 2496 1541 2532 tequntur,
1561 2495 1638 2532 post

102 2539 336 2580 Gartkaqinem
364 2551 513 2573 euersam
539 2542 650 2582 primo
680 2542 718 2573 in
747 2542 915 2582 Capitolio
944 2543 1102 2574 inaurata
1130 2547 1209 2574 sunt
1236 2554 1375 2575 censura
1403 2543 1441 2574 L.
1474 2543 1634 2574 DIumrni.

101 2590 179 2622 inde
205 2591 363 2624 transiere
391 2592 429 2623 in
454 2603 607 2624 camaras
633 2603 757 2633 quoque
784 2597 813 2624 et
836 2593 991 2633 parietes,
1019 2595 1078 2634 qui
1105 2595 1174 2626 iam
1201 2598 1229 2626 et
1255 2595 1325 2635 ipsi
1352 2599 1520 2635 tamquam
1551 2605 1637 2625 uasa

100 2641 303 2674 indurantur
394 2646 457 2676 291
481 2654 571 2675 nunc
595 2644 665 2675 iam
688 2644 748 2675 ubi
772 2646 856 2676 satis
880 2648 956 2676 erat
979 2656 1068 2677 nunc
1093 2646 1166 2677 Liu.
1193 2655 1217 2677 v
1243 2648 1281 2677 17
1307 2648 1325 2677 7
1351 2650 1447 2677 antea
1466 2670 1472 2676 .
1493 2670 1500 2677 .
1520 2670 1527 2677 .
1546 2656 1637 2676 nunc

101 2692 171 2724 iam
185 2696 221 2725 et
237 2693 319 2725 alibi
409 2696 460 2726 est
475 2694 635 2736 Scaliger,
652 2697 686 2727 et
701 2695 766 2734 GL,
784 2706 850 2727 om.
868 2695 914 2733 M,
932 2696 1086 2727 luxuriae
1099 2701 1193 2737 paret
1210 2697 1397 2729 Bentleius.
1438 2697 1636 2728 coniunctio

101 2754 164 2775 nee
204 2746 360 2776 oratione
400 2756 463 2777 nec
504 2756 665 2778 caesurae
705 2757 828 2787 genere
868 2748 1133 2779 commendatur
1224 2749 1383 2785 triclinia,
1425 2749 1633 2779 cenationes.

101 2794 196 2827 Suet.
219 2796 299 2828 Ner.
323 2797 362 2828 31
386 2798 406 2827 2
428 2797 614 2828 cenationes
636 2797 816 2838 laqueatae,
839 2798 916 2830 Sen.
940 2809 992 2841 ep.
1017 2800 1058 2831 90
1083 2801 1122 2831 15
1144 2800 1354 2831 cenationum
1376 2799 1546 2840 laquearia

150 2848 214 2880 292
243 2847 308 2879 sub
339 2847 560 2889 laquearibus
590 2849 759 2881 inauratis
790 2850 906 2882 cibum
937 2851 1105 2883 sumimus
1136 2851 1178 2883 de
1209 2852 1320 2883 aureis
1351 2851 1498 2893 patellis.
1546 2850 1633 2882 Plin.
