1855 3088
593 110 1076 156 ASTRONOMICON
1106 111 1148 153 V
1580 112 1632 151 87

145 234 213 266 690
266 226 456 281 ingentes
475 225 637 267 faciunt
655 225 854 274 tumulos,
876 224 1095 280 pelagique
1113 237 1336 273 uenenum,

269 314 351 355 quo
372 300 481 354 perit
499 314 599 340 usus
619 314 754 354 aquae
774 313 872 340 suco
893 304 1115 353 corruptus
1135 312 1291 348 amaro,

268 374 390 415 uitali
409 373 493 414 sale
512 378 759 428 permutant
777 373 1044 427 redduntque
1065 373 1242 413 salubre.

322 453 380 497 at,
402 448 594 488 reuoluta
614 448 710 502 polo
730 461 827 488 oum
846 447 991 502 primis
1010 447 1200 487 uultibus
1219 446 1371 487 Arctos

270 521 324 562 ad
344 536 420 562 sua
439 526 664 576 perpetuos
683 526 855 562 reuocat
874 520 1052 575 uestigia
1071 534 1219 575 passus

147 603 214 635 695
269 609 504 650 numquam
522 595 658 636 tincta
678 595 799 636 uadis
819 595 892 636 sed
911 608 1074 649 semper
1093 594 1241 635 flexilis
1261 593 1373 644 orbe,

271 670 365 721 [aut
384 669 599 724 Cynosura
619 669 756 710 minor
775 683 872 710 oum
891 668 1026 723 prima
1046 668 1137 709 luce
1156 667 1336 723 resurgit

271 748 314 785 et
332 744 490 798 pariter
508 748 710 785 uastusue
729 743 814 784 Leo
834 743 902 784 uel
921 743 1117 797 Scorpius
1136 756 1231 784 acer

109 867 274 900 ialmenus
293 867 469 906 alinemus,
491 867 635 909 arqolica
654 866 812 908 ayricola)
832 868 869 899 in
888 867 957 899 uol.
979 876 992 899 1
1012 878 1070 909 pp.
1092 867 1165 898 lviii
1185 877 1235 908 sq.
1256 865 1440 898 illustraui.
1487 868 1647 897 seruatur

109 930 198 961 quae
209 920 245 951 in
254 919 314 951 illo
325 918 464 951 canities
475 920 639 951 instituta
651 923 704 951 est
715 918 910 956 translatio,
923 922 964 951 ut
976 919 1064 950 Plin.
1077 919 1147 950 n.h.
1162 926 1201 949 VI
1212 919 1253 949 54
1265 918 1464 958 depectentes
1470 916 1647 957 frondium

108 970 275 1002 canitiem.
322 974 452 1011 seposta
483 971 660 1002 Bentleius
692 970 819 1002 collato
851 970 910 1002 Sil.
943 978 1011 1000 VIII
1041 971 1105 1001 376
1136 980 1187 1011 sq.
1220 970 1332 1010 ipsius
1363 969 1487 1000 mensis
1517 971 1647 1009 seposta

109 1022 215 1063 Lyaei
235 1020 239 1064 Ι
259 1022 361 1054 Setia.
410 1023 524 1054 minus
544 1022 726 1054 commodo
745 1022 852 1053 uerbo
873 1022 1060 1062 Pingraeus
1080 1021 1149 1052 uol.
1171 1029 1200 1052 ΙΙ
1218 1032 1251 1062 p.
1273 1021 1338 1053 333
1357 1024 1502 1057 semota;
1535 1029 1648 1060 neque

111 1074 220 1115 magis
243 1073 364 1115 probo,
390 1074 485 1114 quod
509 1074 555 1105 ad
579 1074 819 1105 Matritensem
843 1074 999 1114 proxime
1024 1073 1170 1108 accedit,
1194 1072 1328 1104 seducta
1416 1071 1556 1112 rigentis
1581 1070 1648 1109 GL,

110 1124 257 1166 rigentes
284 1125 321 1156 M
348 1125 423 1156 cod.
440 1125 593 1156 Venetus
684 1127 748 1158 690
774 1124 926 1156 tumulos
954 1123 1019 1162 GL,
1048 1124 1216 1155 tumultos
1243 1123 1290 1161 Μ,
1318 1124 1469 1154 cumulos
1497 1122 1649 1163 Scaliger

111 1176 163 1208 ed.
190 1178 204 1207 1
229 1179 266 1207 et
288 1175 476 1213 Bentleius‚
499 1186 569 1217 qua
592 1176 787 1207 mutatione
809 1185 897 1217 opus
918 1185 990 1207 non
1011 1185 1084 1206 esse
1106 1175 1261 1206 ostendit
1283 1174 1371 1206 Plin.
1395 1174 1465 1206 n.h.
1490 1181 1585 1204 XXXI
1608 1174 1645 1204 81

111 1225 231 1267 Africa
259 1226 348 1258 circa
381 1227 510 1259 Vticam
538 1226 699 1258 construit
729 1237 863 1257 aceruos
892 1226 976 1257 salis
1007 1226 1051 1257 ad
1082 1227 1217 1258 collium
1244 1225 1386 1266 speciem
1475 1233 1650 1257 uenenum

112 1278 192 1317 GL2,
221 1280 390 1310 uenerunt
417 1278 481 1310 LM
571 1281 634 1311 691
663 1287 730 1319 quo
757 1277 844 1319 perit
873 1277 1062 1315 Bentleius,
1091 1277 1181 1318 quod
1209 1277 1273 1309 erit
1299 1277 1373 1315 LM,
1403 1276 1558 1317 quodque
1587 1275 1651 1307 erit

112 1328 192 1361 GL2.
239 1330 337 1371 Verg.
369 1340 481 1371 georg.
513 1337 543 1360 11
570 1330 634 1360 466
664 1339 722 1360 nec
751 1328 844 1360 casia
872 1328 996 1369 liquidi
1023 1328 1247 1369 corrumpitur
1276 1338 1358 1360 usus
1386 1327 1473 1359 oliui
1586 1329 1650 1360 692

111 1380 212 1412 uitali
227 1381 296 1412 sale
311 1393 318 1412 ι
350 1380 438 1412 Plin.
457 1381 527 1412 n.h.
548 1388 643 1411 XXXI
661 1382 702 1412 88
719 1380 792 1411 uita
809 1379 988 1411 humanior
1004 1380 1078 1411 sine
1094 1379 1163 1411 sale
1180 1390 1248 1410 non
1264 1379 1335 1420 quit
1353 1379 1473 1419 deqere,
1496 1379 1556 1410 102
1575 1378 1650 1409 totis

110 1431 301 1472 corporibus
321 1431 410 1463 nihil
429 1442 497 1463 esse
517 1431 636 1463 utilius
656 1431 725 1463 sale
745 1435 773 1462 et
793 1431 870 1468 sole,
893 1431 975 1462 Isid.
998 1432 1081 1472 orig.
1105 1439 1170 1462 XVI
1190 1432 1210 1461 2
1232 1432 1251 1462 6
1272 1430 1349 1462 hinc
1370 1434 1398 1461 et
1418 1430 1511 1461 salus
1531 1439 1652 1461 nomen

111 1482 275 1524 accepisse
298 1487 438 1523 putatur
527 1482 661 1514 salubre
690 1482 879 1519 Bentleius,
907 1482 1079 1514 salubrem
1105 1482 1185 1513 libri
1211 1485 1253 1513 ut
1280 1483 1343 1513 695
1370 1482 1488 1513 orbem.
1535 1481 1651 1522 ipsum

112 1544 285 1565 uenenum
315 1533 452 1565 salubre
483 1534 651 1570 redditur,
683 1544 753 1565 non
785 1544 867 1564 usus
898 1544 1009 1574 aquae
1041 1533 1206 1570 marinae,
1238 1543 1345 1574 quam
1375 1535 1513 1574 praeter
1543 1531 1651 1563 solem

112 1585 214 1627 pauci
240 1587 367 1626 potant
458 1588 610 1619 693-709
637 1585 741 1616 Firm.
770 1593 839 1615 VIII
867 1585 907 1616 17
935 1586 954 1616 6
980 1585 1103 1616 oriente
1129 1584 1358 1624 Septentrione
1376 1608 1382 1615 .
1403 1608 1410 1615 .
1430 1608 1437 1615 .
1455 1583 1652 1624 quicumque

112 1636 186 1668 nati
201 1636 342 1677 fuerint,
366 1640 460 1668 erunt
483 1636 703 1668 mansuetarii
719 1636 881 1677 ferarum.
930 1636 1054 1667 Arctos
1077 1646 1156 1667 cum
1179 1646 1240 1667 nec
1264 1636 1396 1666 oriatur
1418 1645 1480 1666 nec
1503 1634 1651 1671 occidat,

113 1690 218 1729 poeta
240 1698 303 1729 pro
326 1691 405 1719 ortu
428 1688 464 1719 id
487 1690 625 1728 tempus
649 1690 900 1719 commemorat
922 1698 1001 1718 cum
1024 1687 1183 1719 infimum
1206 1687 1324 1718 circuli
1346 1687 1399 1718 sui
1422 1689 1593 1727 punctum
1616 1688 1653 1716 et

112 1739 284 1770 horizonti
303 1739 500 1780 proximum
520 1739 637 1780 tetigit
657 1749 696 1770 ae
716 1749 832 1770 rursus
853 1739 1036 1770 ascendere
1055 1739 1188 1779 incipit.
1236 1738 1483 1769 intellexerunt
1503 1737 1653 1778 Scaliger

113 1793 149 1822 et
167 1790 327 1822 Huetius,
375 1794 529 1822 ceterum
546 1790 666 1822 sideris
684 1791 945 1822 conuersionem
963 1790 1022 1821 alii
1040 1790 1154 1821 media
1171 1793 1274 1822 nocte
1292 1790 1400 1830 (Vett.
1422 1789 1498 1821 Val.
1517 1799 1550 1829 p.
1573 1790 1613 1820 14
1634 1789 1648 1819 1

115 1844 318 1880 μεσαζούσησ
341 1845 403 1881 τῆσ
432 1844 547 1873 νυκτὸσ
573 1844 753 1878 ἀνατέλλει,
778 1841 1013 1882 pseudAnaer.
1039 1842 1077 1873 31
1107 1843 1180 1878 1-3‚
1209 1841 1309 1873 Ouid.
1337 1844 1418 1872 met.
1447 1849 1471 1871 x
1497 1841 1562 1871 446
1587 1849 1654 1880 sq.,

114 1892 196 1924 Luc.
217 1902 247 1924 11
264 1894 328 1925 236
347 1894 425 1934 sq.)‚
445 1893 503 1925 alii
521 1894 825 1934 appropinquante
843 1893 918 1924 luce
938 1892 1058 1933 (schol.
1078 1892 1159 1924 Luc.
1180 1901 1218 1923 IV
1237 1893 1300 1923 523
1320 1892 1433 1923 uicino
1452 1891 1505 1922 die
1523 1895 1653 1922 tantum

113 1944 356 1984 Septentrionis
369 1944 514 1985 flectitur
532 1943 638 1981 sidus,
659 1944 736 1975 Sen.
758 1944 830 1975 H.f.
854 1944 993 1980 129-3l‚
1014 1943 1104 1975 Stat.
1126 1943 1232 1975 Theb.
1254 1952 1267 1974 1
1287 1944 1350 1974 692
1370 1944 1435 1984 sq.)
1456 1942 1529 1974 fieri
1547 1941 1652 1983 finge·

116 1994 202 2027 bant
294 1998 357 2029 693
387 1997 423 2027 at
453 1994 534 2034 GL2,
565 1994 609 2026 ad
639 1995 712 2034 LM,
744 1997 805 2026 aut
835 1995 910 2026 cod.
927 1995 1080 2026 Venetus
1168 1994 1303 2035 primis,
1335 1993 1554 2035 primoribus,
1587 1993 1652 2025 hoc

114 2050 168 2078 est
195 2049 319 2084 rostro,
347 2049 499 2087 nugatur
526 2047 618 2078 enim
646 2046 797 2078 Huetius
889 2048 952 2079 694
979 2047 1157 2087 perpetuos
1186 2045 1266 2085 GL2‚
1294 2047 1473 2087 perpetuas
1500 2044 1564 2077 LM

161 2100 225 2131 695
248 2097 306 2129 sed
329 2097 405 2136 GM,
429 2097 459 2129 si
481 2098 507 2130 L
597 2097 676 2129 orbe
700 2097 791 2129 Flor.
817 2100 852 2128 et
877 2097 989 2134 Bodl.‚
1015 2097 1132 2128 orbem
1155 2096 1247 2128 GLM
1338 2099 1500 2134 696-698,
1526 2095 1653 2137 quibus

116 2149 282 2187 uersibus,
301 2149 329 2180 si
345 2149 492 2190 quaeris,
510 2149 574 2181 hoc
591 2149 728 2186 dicitur,
746 2149 999 2180 mansuetarios
1014 2151 1091 2179 tum
1108 2149 1203 2180 nasci
1219 2158 1298 2180 eum
1315 2147 1503 2189 Cynosura,
1522 2148 1653 2179 oriente

117 2200 231 2231 Leone
243 2199 299 2232 uel
312 2200 498 2241 Scorpione
510 2203 546 2231 et
558 2200 628 2231 sole
640 2200 744 2241 paulo
756 2203 836 2241 post
853 2200 995 2237 orituro,
1009 2199 1175 2231 circulum
1192 2199 1421 2231 meridianum
1432 2199 1522 2230 infra
1534 2199 1653 2240 polum

115 2254 283 2289 transeat,
305 2251 434 2283 deleuit
455 2251 614 2292 Scaliger.
663 2252 802 2289 etenim,
825 2254 1069 2292 praeterquam
1089 2251 1184 2292 quod
1204 2251 1299 2282 nullo
1320 2251 1424 2282 modo
1444 2250 1516 2281 fieri
1536 2252 1654 2291 potest

116 2305 157 2334 ut
185 2303 287 2334 simul
315 2306 471 2343 resurgat
500 2303 677 2343 Cynosura
706 2303 906 2343 oriaturque
935 2302 1107 2343 Scorpius,
1137 2302 1352 2333 matutinum
1380 2305 1529 2343 tempus,
1559 2301 1654 2342 quod

115 2354 182 2385 illis
197 2354 311 2394 prima
328 2354 398 2385 luce
415 2357 450 2385 et
467 2358 557 2385 nocte
573 2355 633 2385 sub
652 2358 793 2385 extrema
810 2354 906 2394 (Luc.
927 2362 949 2384 v
968 2354 1045 2392 734)
1064 2352 1248 2394 significari
1265 2353 1486 2394 impudenter
1502 2353 1654 2384 Huetius

118 2405 269 2445 negauit,
288 2408 324 2436 et
341 2405 421 2436 solis
438 2405 474 2436 in
491 2405 633 2437 zodiaco
648 2405 743 2436 locus
756 2405 842 2436 nihil
855 2405 995 2436 omnino
1008 2404 1053 2436 ad
1066 2405 1185 2435 sideris
1201 2404 1453 2445 apotelesmata
1465 2405 1652 2445 pertinent.

118 2456 211 2487 idem
237 2456 388 2488 Huetius
415 2456 538 2497 planos
564 2459 600 2487 et
627 2459 767 2497 apertos
793 2466 913 2488 uersus
940 2466 1012 2487 esse
1039 2455 1227 2487 adfirmans
1254 2458 1289 2486 et
1317 2456 1364 2487 sie
1391 2456 1653 2496 interpretatus,

119 2505 127 2519 ‘
143 2507 274 2538 oriente
295 2507 482 2548 Cynosura,
505 2508 636 2539 oriente
657 2507 781 2544 Leone,
802 2508 933 2538 oriente
954 2506 1095 2548 Scorpio
1107 2507 1127 2544 '‚
1144 2509 1180 2538 et
1198 2507 1325 2547 pariter
1345 2506 1496 2547 neglexit
1517 2509 1553 2537 et
1573 2516 1656 2547 prae

118 2557 280 2599 Scaligeri
301 2559 380 2590 odio
401 2558 530 2590 oblitus
551 2562 604 2590 est
624 2559 666 2590 de
688 2558 812 2590 Leonis
832 2561 868 2590 et
888 2558 1020 2599 Scorpii
1041 2558 1300 2599 apotelesmatis
1321 2558 1454 2589 dictum
1475 2568 1547 2589 esse
1568 2557 1656 2588 libro

119 2617 167 2640 IV.
215 2609 315 2641 aliter
338 2609 536 2651 Pingweus,
563 2609 570 2622 ‘
584 2621 629 2641 au
651 2609 745 2641 lever
767 2610 813 2641 du
838 2609 924 2641 Lion
945 2609 980 2640 la
1001 2609 1131 2650 grande
1155 2609 1262 2641 Ourse
1285 2612 1338 2640 est
1361 2620 1405 2641 au
1428 2609 1505 2650 plus
1530 2608 1591 2640 bas
1613 2608 1656 2639 de

120 2670 158 2692 sa
177 2660 373 2692 revolution
392 2664 428 2692 et
448 2671 644 2693 commence
665 2661 686 2692 a
705 2664 900 2697 remonter;
935 2664 970 2692 et
990 2661 1227 2702 pareillement
1247 2671 1291 2692 au
1311 2661 1404 2692 lever
1423 2660 1470 2692 du
1491 2660 1656 2701 Scorpion

120 2710 155 2743 la
176 2712 284 2753 petite
308 2712 425 2749 Ourse,
449 2722 624 2753 parvenue
647 2723 691 2744 au
713 2711 879 2744 meridien
900 2722 980 2743 sous
996 2712 1026 2743 le
1044 2712 1132 2753 pole,
1150 2722 1347 2743 commence
1363 2711 1557 2752 egalement
1579 2711 1600 2742 a
1622 2721 1657 2742 se

120 2762 250 2794 relever
265 2763 297 2801 ’;
334 2773 424 2804 quae
448 2764 628 2795 mendacia
652 2765 748 2804 (nam
772 2763 885 2795 Leone
909 2763 1040 2795 oriente
1063 2774 1133 2795 non
1157 2764 1268 2795 maior
1290 2773 1411 2795 uerum
1435 2763 1548 2794 minor
1570 2762 1657 2794 Vrsa

121 2814 304 2847 ascendere
322 2815 454 2856 incipit,
475 2814 617 2857 Scorpio
635 2816 772 2855 neutra)
793 2825 856 2847 sua
873 2815 957 2847 fecit
976 2815 1161 2853 Breiterus,
1181 2815 1251 2846 suis
1271 2814 1456 2846 admiscuit
1474 2813 1657 2855 Wagenin-
