1855 3088
600 146 1083 190 ASTRONOMICON
1113 146 1154 188 V
1587 146 1641 185 65

275 259 558 314 aequabitque
578 259 725 300 choros
744 264 867 314 gestu
885 264 1089 315 cogetque
1107 259 1250 300 uidere

152 342 219 373 485
274 338 538 389 praesentem
557 333 726 375 Troiam
744 334 1044 389 Priamumque
1064 337 1163 375 ante
1183 347 1256 374 ora
1275 332 1510 373 cadentem.

328 422 440 449 nunc
458 407 636 462 Aquilae
656 407 770 449 sidus
789 408 979 458 referam,
1002 422 1110 462 quae
1129 412 1250 462 parte
1270 406 1438 448 sinistra

274 482 455 523 rorantis
473 481 649 531 iuuenis,
671 496 798 536 quem
816 482 937 523 terris
956 481 1128 523 sustulit
1146 481 1251 536 ipsa,

275 556 408 598 fertur
427 561 470 597 et
490 556 673 597 extentis
692 556 893 610 praedam
912 555 1189 597 circumuolat
1207 554 1296 596 alis.

274 630 452 672 fulmina
470 630 597 672 missa
616 630 744 672 refert
763 635 807 672 et
826 630 939 671 caelo
959 629 1117 671 militat
1135 629 1221 671 ales

151 712 220 744 490
274 704 338 745 bis
358 710 605 759 sextamque
625 709 750 746 notat
768 709 933 759 partem
952 704 1134 746 fluuialis
1152 702 1325 758 Aquari.

115 860 288 892 Fortunae
311 859 396 891 deae
418 859 538 891 uultus
561 859 688 891 dicitur
775 869 835 900 per
857 859 972 891 nescio
995 869 1041 890 an
1063 858 1129 890 loci
1151 858 1268 900 potius
1291 867 1398 899 quam
1421 857 1645 889 instrumenti

113 910 361 952 significatione
380 910 620 952 accipiendum
638 911 694 948 sit,
714 914 755 942 ut
774 910 899 942 similia
918 911 988 942 sint
1008 911 1067 942 161
1089 913 1201 941 tantus
1220 910 1280 940 erit
1296 919 1356 949 per
1374 908 1518 940 membra
1536 909 1642 948 uiqor,

115 963 179 994 518
194 972 315 1002 perque
332 965 431 1001 caput
448 962 538 993 ducti
556 961 695 1002 lapides,
712 972 772 1002 per
789 962 871 993 colla
889 971 1072 1002 manusque
1087 973 1095 998 ;
1125 971 1159 992 re
1177 964 1295 992 autem
1312 959 1483 1002 particula
1501 959 1645 991 indicari

114 1013 252 1045 uidetur
277 1012 344 1044 alia
369 1023 408 1044 ac
434 1023 550 1044 rursus
575 1012 643 1044 alia
668 1013 852 1044 succedens
877 1013 982 1044 facies
1007 1023 1097 1054 quae
1121 1013 1189 1044 toti
1214 1012 1345 1043 homini
1371 1011 1556 1042 inducatur

159 1066 223 1097 484
242 1063 466 1104 aequabitque
487 1063 567 1102 GL2,
587 1063 746 1105 aequabit
765 1064 839 1095 LM.
932 1074 1081 1104 aequare
1101 1064 1222 1095 choros
1242 1066 1341 1104 gestu
1362 1063 1428 1093 dici
1448 1064 1566 1103 potest
1585 1062 1645 1102 qui

113 1115 298 1147 saltatione
320 1116 484 1156 exprimit
505 1125 595 1156 quae
618 1115 712 1147 chori
734 1125 874 1146 narrare
897 1114 1019 1152 solent,
1043 1118 1084 1146 ut
1106 1114 1200 1156 apud
1223 1113 1425 1154 Euripidem
1447 1123 1645 1154 supremam

113 1169 252 1198 noctem
272 1166 393 1197 Troiae
414 1166 497 1197 Hec.
521 1167 584 1198 905
605 1176 679 1207 sqq.
702 1169 738 1197 et
758 1166 836 1197 Tro.
858 1167 919 1197 511
943 1176 1018 1206 sqq.
1036 1178 1044 1203 ;
1078 1165 1138 1197 sed
1157 1166 1304 1196 fortasse
1325 1164 1562 1205 significantur
1581 1164 1643 1204 qui

113 1217 329 1259 pantomimo
342 1217 559 1248 adsistebant
571 1217 677 1254 chori,
691 1227 760 1258 qua
773 1217 815 1248 de
827 1227 862 1248 re
875 1217 1108 1258 Hieronymus
1121 1217 1237 1247 chron.
1253 1215 1305 1248 Ol.
1321 1216 1383 1247 189
1396 1216 1415 1247 3
1429 1215 1643 1255 (Reiffersch.

115 1268 208 1300 Suet.
226 1279 258 1309 p.
275 1269 331 1307 22)
348 1267 491 1308 Pylades
506 1267 598 1299 Cilioe
609 1268 850 1308 pantomimus,
866 1278 941 1299 cum
955 1271 1076 1299 ueteres
1092 1267 1161 1307 ipsi
1175 1270 1343 1298 cantarent
1358 1266 1462 1306 adque
1476 1266 1644 1302 saltarent,

111 1319 245 1359 primus
270 1319 394 1350 Romae
417 1318 551 1350 chorum
574 1322 602 1350 et
620 1319 773 1359 fistulam
795 1318 861 1350 sibi
882 1319 1072 1359 praecinere
1090 1318 1181 1359 fecit.
1229 1318 1309 1349 uide
1334 1317 1455 1349 Liban.
1482 1327 1529 1348 or.
1556 1325 1643 1347 LXIV

117 1371 178 1402 113
213 1372 232 1408 ὴ
262 1371 360 1409 τέχνη
379 1394 385 1400 .
406 1394 413 1401 .
432 1394 439 1401 .
459 1373 611 1401 παύσασα
646 1372 807 1401 πολλάκισ
838 1372 895 1408 τὴν
933 1372 1041 1409 φωνὴν
1072 1373 1128 1401 τοῦ
1162 1371 1258 1409 χοροῦ
1294 1371 1344 1400 διὰ
1376 1370 1437 1399 τῶν
1469 1369 1646 1408 σχημάτων

115 1423 255 1453 παιδεύει
271 1423 326 1452 τὸν
345 1423 460 1460 θεατὴν
477 1423 574 1462 αἱρεῖν
588 1423 624 1453 τὸ
640 1424 786 1463 πρᾶγμα,
806 1421 946 1453 Lucian.
965 1429 1089 1452 XXXIII
1102 1421 1143 1453 63
1161 1422 1327 1461 ὀρχηστὴσ
1344 1444 1350 1451 .
1371 1444 1378 1451 .
1398 1444 1404 1451 .
1424 1421 1562 1459 ἡσυχίαν
1582 1444 1589 1451 .
1610 1444 1617 1451 .
1638 1443 1645 1451 .

117 1475 344 1514 παραγγείλασ
375 1472 419 1512 τῷ
450 1472 538 1514 χορῷ
568 1475 667 1504 αὑτὸσ
700 1473 749 1513 ἐφ’
781 1474 894 1504 ἑαυτοῦ
924 1474 1095 1514 ὠρχήσατο
1122 1474 1180 1510 τὴν
1219 1472 1413 1512 Ἀφροδίτησ
1446 1473 1497 1502 καὶ
1517 1472 1647 1511 ''Apewo’

116 1526 273 1564 μοιχείαν,
315 1524 433 1556 ”Ηλιον
478 1527 638 1563 μηνύοντα
686 1527 737 1555 καὶ
776 1524 964 1563 ”Ηφαιστον
1011 1526 1260 1565 ἐπιβουλεύοντα
1304 1524 1356 1554 καὶ
1401 1524 1473 1553 τοῖσ
1516 1523 1648 1561 δεσμοΐσ

117 1577 329 1616 ἀμφοτέρουσ,
362 1577 418 1614 τήν
448 1588 484 1606 τε
515 1575 706 1615 Ἀφροδίτην
735 1578 786 1607 καὶ
818 1578 872 1606 τὸν
895 1575 990 1616 Ἀρη,
1020 1577 1241 1614 σαγηνεύοντα
1273 1576 1324 1605 καὶ
1351 1575 1429 1604 τοὺσ
1456 1575 1647 1612 ἐφεστῶτασ

117 1629 211 1658 θεοὺσ
251 1628 384 1658 ἕκαστον
426 1628 539 1665 αὐτῶν,
582 1629 633 1658 καὶ
674 1629 859 1665 αἰδουμένην
901 1628 958 1665 μὲν
999 1628 1057 1664 τὴν
1099 1626 1302 1666 Ἀφροδίτην,
1347 1626 1572 1656 ὑποδεδοικότα
1614 1625 1647 1655 δὲ

117 1680 168 1710 καὶ
199 1680 378 1709 ἱκετεύοντα
410 1680 463 1709 τὸν
484 1679 577 1718 ”Αρη,
607 1680 659 1709 καὶ
688 1680 747 1709 ὅσα
776 1678 816 1718 τῇ
843 1679 965 1719 ἱστορίᾳ
992 1680 1093 1717 ταύτῃ
1120 1678 1292 1717 πρόσεστιν
1384 1678 1536 1709 486-503
1567 1685 1647 1707 cum

116 1729 320 1761 duodecima
341 1729 485 1770 Aquarii
505 1731 605 1770 parte
627 1729 736 1760 oritur
757 1728 885 1770 Aquila
976 1730 1040 1762 486
1058 1727 1206 1760 referam
1225 1736 1311 1768 quae
1335 1726 1416 1765 GL2,
1434 1726 1648 1767 referamque

116 1780 179 1812 LM
268 1780 407 1811 sinistra
423 1792 429 1811 :
463 1780 570 1811 immo
589 1780 724 1817 dextra,
744 1783 784 1811 ut
803 1780 849 1811 ad
867 1781 909 1812 37
930 1780 1098 1811 adnotaui
1190 1781 1253 1812 487
1272 1777 1419 1810 rorantis
1434 1777 1486 1816 L2,
1502 1777 1648 1809 rotantis

117 1831 180 1863 LM
201 1832 254 1872 (ut
274 1840 303 1862 11
324 1832 365 1863 53
387 1831 448 1870 M),
470 1830 636 1872 portantis
658 1830 696 1869 G,
718 1830 867 1872 potantis
889 1831 963 1862 cod.
988 1831 1150 1862 Venetus.
1200 1829 1239 1867 Q.
1264 1829 1380 1861 Cicero
1402 1829 1545 1869 (Auson.
1569 1829 1646 1866 383,

116 1883 213 1914 anth.
240 1882 316 1913 Lat.
343 1881 434 1913 Ries.
461 1883 539 1922 642)
566 1883 605 1914 13
630 1882 766 1913 nebulas
789 1893 907 1914 rorans
930 1882 1038 1922 liquor
1061 1881 1148 1913 altus
1172 1880 1314 1921 Aquari,
1340 1880 1439 1920 Verg.
1465 1890 1578 1920 georg.
1604 1888 1648 1910 111

117 1935 191 1968 3041
224 1937 362 1964 extremo
380 1957 387 1964 .
408 1957 414 1964 .
435 1957 441 1964 .
461 1933 587 1964 inrorat
624 1933 798 1973 Aquarius
835 1944 924 1965 anrw
1037 1932 1173 1964 iuuenis
1215 1942 1342 1963 nomen
1383 1930 1647 1972 appellatiuum,

116 1988 158 2016 ut
180 1985 244 2016 505
270 1984 421 2024 aequorei
444 1984 590 2021 iuuenis,
613 1993 642 2015 11
664 1985 740 2021 406,
764 1985 840 2022 492,
863 1986 928 2016 558
951 1984 1055 2025 (adde
1080 1983 1180 2016 Ouid.
1203 1983 1283 2015 fast.
1308 1991 1321 2013 1
1343 1983 1405 2014 652
1428 1982 1565 2013 iuuenis
1584 2006 1590 2012 .
1611 2006 1618 2013 .
1639 2005 1645 2012 .

116 2035 256 2076 yerentis
279 2036 426 2075 aquam),
446 2045 527 2072 non,
547 2038 587 2066 ut
603 2043 641 2066 1v
657 2036 733 2072 385,
753 2036 828 2072 709,
849 2036 924 2073 797,
943 2035 1122 2077 proprium
1138 2046 1145 2066 :
1178 2034 1258 2066 uide
1281 2033 1327 2065 ad
1343 2042 1380 2064 IV
1400 2033 1463 2064 797
1483 2035 1518 2064 et
1537 2041 1565 2063 11
1584 2033 1647 2064 662

117 2086 296 2118 adnotata.
345 2086 591 2127 Wageningeni
614 2086 791 2128 diligentia
813 2087 868 2118 hie
890 2086 1035 2118 rorantis
1060 2085 1203 2117 quenis
1225 2085 1323 2116 dedit
1346 2084 1456 2125 (quod
1478 2084 1513 2115 in
1536 2083 1648 2115 indice

117 2138 298 2169 nominum
325 2137 452 2174 omisit,
480 2138 563 2178 quia
590 2138 753 2169 omiserat
779 2138 922 2179 Fayus)‚
947 2139 1011 2170 505
1040 2136 1191 2177 aequorei
1218 2135 1366 2172 iuuenis,
1391 2145 1507 2166 rursus
1532 2143 1560 2166 11
1584 2135 1649 2166 558

118 2199 312 2229 aequoreum
333 2188 353 2219 I
355 2198 495 2220 uuenem
602 2197 704 2229 quem
721 2188 795 2228 ΒΜ,
815 2198 901 2230 quae
919 2188 947 2220 G
1038 2190 1102 2222 488
1120 2186 1265 2220 extentis
1283 2186 1357 2218 cod.
1378 2186 1484 2222 Flor.,
1503 2185 1649 2218 externis

119 2238 220 2271 GLM.
267 2238 458 2279 desiqnatur
476 2263 483 2270 .
504 2263 510 2271 .
531 2264 537 2271 .
556 2240 697 2271 extensis
723 2240 788 2272 alis
814 2240 978 2272 euolitans
1005 2239 1110 2271 schol.
1139 2239 1216 2270 Lat.
1244 2238 1369 2269 Maass.
1398 2247 1521 2268 comm.
1546 2237 1646 2269 Arat.

117 2301 150 2332 p.
168 2291 232 2323 243
252 2291 303 2327 14,
321 2292 582 2329 διαπεπταμένοσ
598 2293 661 2322 τὰσ
678 2293 844 2331 πτέρυγασ
861 2291 956 2323 Erat.
973 2293 1096 2322 catast.
1114 2291 1156 2322 30
1247 2288 1481 2321 circumuolat:
1506 2288 1648 2330 propius

118 2351 225 2382 quam
242 2341 341 2382 Verg.
360 2341 446 2373 Aen.
466 2350 509 2373 111
525 2343 589 2374 233
608 2345 670 2373 aut
689 2342 789 2375 Ouid.
810 2345 893 2374 met.
913 2351 941 2373 11
958 2343 1022 2374 719
1040 2341 1175 2373 accedit
1192 2340 1282 2373 Stat.
1301 2339 1408 2372 Theb.
1427 2348 1498 2370 VIII
1514 2340 1577 2370 675
1593 2349 1647 2380 sq.

112 2392 301 2433 flammiqer
326 2392 394 2423 ales
419 2392 502 2424 olori
524 2391 528 2436 Ι
548 2393 698 2425 imminet
724 2397 752 2425 et
777 2403 898 2433 maqna
925 2393 1090 2433 trepidum
1115 2391 1321 2432 circumliqat
1345 2390 1463 2422 umbra
1553 2390 1646 2431 Hyg.

119 2446 201 2475 astr.
229 2452 258 2474 Π
285 2444 324 2474 16
349 2443 476 2483 Aquila
494 2468 501 2475 .
521 2468 528 2475 .
549 2468 556 2475 .
574 2455 678 2485 supra
703 2444 893 2485 Aquarium
917 2444 1029 2476 uolare
1054 2443 1185 2475 uidetur
1200 2453 1213 2480 ‚⁰
1250 2442 1336 2474 hunc
1361 2442 1451 2473 enim
1475 2441 1649 2481 conplures

120 2493 341 2535 Ganymedem
362 2505 429 2526 esse
441 2494 623 2536 finxerunt.
672 2506 712 2527 ea
732 2506 814 2527 uero
834 2506 904 2527 non
924 2496 1077 2536 Aquario
1097 2495 1157 2527 sed
1177 2494 1384 2536 Capricorno
1405 2495 1440 2524 et
1460 2492 1649 2533 Sagittario

120 2545 289 2582 imminet,
316 2545 523 2586 quibuscum
549 2547 655 2578 etiam
682 2547 762 2578 oriri
787 2547 914 2578 dicitur
938 2546 1035 2578 Arat.
1064 2547 1124 2578 691
1154 2549 1190 2578 et
1215 2546 1321 2587 Hipp.
1350 2553 1379 2576 Π
1404 2545 1424 2575 5
1452 2544 1492 2575 13
1584 2545 1648 2576 489

120 2595 190 2627 ales
209 2595 297 2627 Flor.
318 2599 354 2627 et
373 2596 486 2634 Bod1.,
507 2596 569 2629 alis
588 2596 679 2629 GLM
773 2598 872 2635 caelo,
894 2598 901 2611 ⁴
916 2608 1003 2639 pour
1021 2597 1052 2629 le
1070 2597 1133 2630 ciel
1148 2597 1155 2610 '
1176 2597 1372 2638 Pingraeus.
1421 2603 1435 2626 1
1457 2595 1521 2626 345
1545 2593 1647 2634 diqna

123 2645 205 2678 Ioue
226 2650 255 2678 et
275 2647 373 2684 caelo,
395 2648 480 2688 quod
501 2648 605 2680 sacris
627 2648 763 2680 instruit
784 2649 899 2686 armis,
922 2649 1022 2690 Prop.
1046 2657 1084 2680 IV
1106 2649 1125 2680 6
1147 2649 1189 2680 39
1211 2647 1271 2679 tibi
1292 2646 1414 2678 militat
1435 2655 1543 2681 arcus,
1565 2645 1646 2675 Tac.

121 2697 201 2729 hist.
222 2706 264 2728 m
280 2699 322 2730 53
341 2698 533 2738 imperatori
549 2709 609 2730 suo
626 2699 771 2731 militare
855 2703 919 2733 490
935 2703 1026 2732 notat
1043 2699 1183 2731 oriendo
1266 2697 1437 2739 fluuialis‚
1455 2697 1515 2736 qui
1532 2695 1649 2727 fundit

121 2747 269 2780 alterum
285 2748 484 2780 Fluminum
500 2760 601 2781 uersu
620 2751 659 2781 14
675 2754 1024 2783 commemoratorum
1040 2763 1048 2783 ι
1076 2754 1169 2783 recte
1183 2750 1272 2782 thes.
1289 2749 1368 2790 ling.
1387 2748 1464 2779 Lat.
1482 2755 1519 2778 VI
1534 2757 1567 2788 p.
1585 2747 1648 2778 977

123 2799 176 2836 68,
196 2802 315 2831 tacent
335 2801 426 2831 enim
446 2801 651 2842 interpretes
743 2804 894 2836 491-503
913 2803 999 2834 facit
1017 2802 1145 2844 Aquila
1164 2801 1293 2843 rapinis
1312 2802 1348 2831 et
1366 2799 1547 2830 hominum
1562 2797 1649 2828 fera-

121 2859 267 2892 rumque
283 2851 386 2882 caede
402 2852 603 2893 gaudentes,
621 2855 853 2891 contumaces,
868 2853 957 2885 bello
973 2856 1142 2890 strenuos,
1160 2862 1279 2894 regum
1296 2849 1472 2883 satellites.
1520 2848 1650 2880 Teucer

872 2915 894 2939 Ε
