1855 3088
182 116 261 154 132
480 113 541 154 Μ.
574 111 826 154 MANILII
858 111 1342 155 ASTRONOMICON
1372 113 1414 155 V

221 228 285 260 769
309 226 381 258 Dir.
396 227 438 258 37
454 225 556 266 qrecis
573 224 646 256 cod.
661 235 751 256 unus
763 235 825 265 pro
842 223 991 256 thraects.
1040 226 1173 265 Θρηικίη
1189 235 1252 267 pro
1269 225 1491 258 substantiuo
1507 226 1712 269 Apollonius

176 277 333 309 Rhodius
350 286 363 308 1
380 278 444 308 614
461 276 506 308 al.

221 330 285 361 770
308 327 385 359 Mel.
411 337 439 359 11
461 329 503 359 34
527 331 597 358 tum
621 326 844 358 Macedonum
864 326 986 366 populi
1008 326 1133 367 aliquot
1155 327 1250 359 urbes
1273 327 1434 365 habitant,
1458 338 1602 369 quarum
1623 328 1714 361 Pelle

175 382 221 410 est
243 378 387 410 maxime
410 378 572 410 inlustris.
620 377 752 410 alumni
778 377 933 419 efficiunt,
958 377 1144 418 Philippus
1167 377 1323 410 Graeciae
1346 378 1497 417 domitor,
1522 379 1713 412 Alexander

175 430 276 462 etiam
292 430 407 462 Asiae.

220 483 372 515 771-798
403 480 523 512 similis
556 480 722 512 orationis
758 479 973 521 neglegentia
1009 480 1108 521 Verg.
1145 480 1230 512 Aen.
1264 489 1318 512 v11
1354 481 1462 513 725-9
1498 480 1589 513 mille
1619 481 1712 522 rapit

173 532 359 573 populos,
374 535 506 564 uertunt
519 531 637 573 felicia
655 530 785 563 Baccho
807 529 810 574 Ι
832 531 985 563 Massica
1003 530 1061 572 qui
1079 531 1198 563 rastris
1213 556 1220 562 .
1237 556 1244 563 .
1263 556 1269 563 .
1286 532 1436 572 quique
1455 531 1551 564 Gales
1571 532 1713 570 lincunt,

175 583 348 624 amnisque
363 583 483 615 uadosi
503 581 508 627 Ι
527 583 661 615 accola
690 582 853 615 Volturni.

220 637 282 669 '771
307 634 383 666 Sen.
400 634 480 666 dial.
496 643 536 665 IX
552 635 591 666 17
608 635 627 665 6
641 644 735 665 omne
750 634 876 665 animis
887 633 1021 674 pondus
1035 644 1227 674 omnemque
1240 633 1313 665 uim
1327 633 1456 674 eripiet,
1472 633 1564 666 laud.
1582 634 1650 667 Pis.
1667 635 1710 667 56

174 685 250 726 quis
266 685 347 726 reyit
364 686 436 726 ipse
451 695 559 722 suam,
577 685 648 716 nisi
661 695 721 725 per
737 688 795 716 tua
809 684 967 725 pondera,
985 688 1125 716 mentem
1138 685 1154 715 ?

220 739 284 771 ’774
307 736 383 769 Sen.
408 747 460 778 ep.
485 737 527 768 34
549 737 569 767 2
592 735 706 767 adsero
728 739 756 767 te
778 735 873 773 mihi,
897 746 1006 767 meum
1027 746 1113 776 opus
1135 745 1179 773 es,
1203 735 1317 768 Plaut.
1344 738 1445 768 most.
1472 737 1535 768 120
1556 739 1712 777 parentes

169 788 263 831 fabri
279 788 418 820 liberum
432 791 521 819 sunt.

220 842 284 874 ’778
307 839 438 872 Colum.
457 847 480 869 v
497 840 516 870 2
535 839 554 870 9
572 837 678 878 iuqeri
694 837 875 869 dimidium
890 837 1077 878 scripulum
1097 838 1215 878 quinta
1238 841 1267 869 et
1288 837 1452 878 uiqesima
1471 841 1567 879 parte
1587 838 1712 876 minus,

174 891 293 924 Front.
320 901 354 932 p.
384 891 445 922 103
471 890 559 921 Nab.
586 889 707 920 multas
735 889 883 929 inroqari
906 900 976 920 mos
993 888 1065 930 suit
1089 889 1198 921 mille
1223 889 1356 921 minus
1382 889 1535 927 dimidio,
1562 889 1648 922 Gell.
1675 898 1714 922 VI

175 944 195 976 3
212 943 253 975 37
271 941 379 973 mille
395 941 527 972 minus
543 940 724 971 dimidium
734 939 892 981 familiae
908 940 1013 972 multa
1029 943 1104 971 esto.

220 995 350 1028 778-80
374 992 475 1024 redeo
494 991 539 1023 ad
556 991 698 1028 tradita,
718 991 862 1022 Horatia
877 991 997 1031 proles,
1021 989 1025 1034 Ι
1045 994 1110 1022 tota
1128 990 1215 1022 acies
1230 994 1350 1031 partus
1368 991 1504 1032 (nom.),
1523 1001 1581 1023 nec
1599 1001 1667 1023 non
1684 995 1714 1024 et

174 1044 336 1077 Scaeuola
358 1047 471 1075 trunco
493 1041 496 1086 Ι
517 1042 681 1079 nobilior;
716 1052 799 1073 nam
821 1045 858 1074 et
880 1052 969 1073 unus
991 1045 1032 1074 ut
1053 1045 1175 1083 partus
1198 1041 1369 1074 diceretur
1391 1042 1494 1074 nimis
1517 1043 1654 1074 minuta
1676 1046 1713 1075 et

174 1095 374 1138 scrupulosa
396 1094 575 1136 diligentia
595 1093 798 1135 flagitabam
823 1094 1053 1134 (quamquam
1074 1103 1196 1125 uerum
1217 1096 1270 1125 est
1292 1093 1502 1134 singularem
1524 1093 1596 1125 eius
1618 1094 1713 1126 uocis

174 1156 357 1179 numerum
369 1147 477 1177 etiam
489 1145 603 1186 plures
616 1147 737 1186 partus
750 1144 941 1185 significare
955 1144 1054 1176 Ouid.
1070 1155 1112 1175 ex
1126 1144 1227 1175 Pont.
1242 1153 1271 1175 11
1284 1145 1304 1176 8
1316 1145 1358 1176 47
1372 1146 1408 1176 et
1421 1155 1513 1176 cons.
1528 1144 1602 1176 Liu.
1618 1146 1710 1185 472),

175 1202 211 1231 et
230 1201 352 1240 postea
372 1197 489 1228 inueni
510 1196 700 1228 editoribus
721 1198 757 1227 et
777 1195 1027 1236 lexicographis
1049 1196 1209 1236 ignotum
1229 1195 1428 1237 exemplum
1449 1196 1522 1227 eius
1542 1196 1638 1237 quod
1657 1199 1712 1228 est

175 1253 310 1282 truncus
332 1259 394 1291 pro
417 1247 572 1279 membro
594 1250 718 1279 trunco
740 1247 856 1288 positi,
880 1246 957 1278 Sen.
984 1246 1068 1278 Oed.
1093 1247 1158 1278 378
1181 1249 1401 1287 temptantque
1423 1250 1536 1287 turpes
1557 1246 1710 1279 mobilem

175 1300 307 1333 trunci
329 1300 480 1340 yradum,
497 1299 562 1331 hoc
579 1301 632 1330 est
648 1309 747 1330 crura
764 1297 976 1339 imperfecta.

220 1354 283 1387 '780
306 1351 381 1384 Val.
411 1349 503 1382 Max.
533 1359 576 1381 m
604 1351 623 1381 2
652 1351 672 1381 2
701 1349 849 1381 Cloelia.
868 1373 875 1380 .
894 1373 900 1380 .
917 1352 1005 1380 metu
1030 1349 1179 1389 patriam
1205 1348 1316 1386 soluit,
1345 1349 1433 1380 uiris
1458 1348 1574 1389 puella
1600 1349 1713 1382 lumen

174 1403 311 1436 uirtutis
326 1401 550 1444 praeferenda
600 1401 688 1433 Stat.
709 1401 784 1432 silu.
805 1409 828 1432 V
848 1402 862 1432 1
883 1401 948 1432 245
966 1410 1016 1441 sq.
1037 1400 1075 1432 in
1092 1399 1202 1431 eodem
1219 1403 1361 1440 angusta
1375 1400 1530 1440 phaselos
1551 1398 1556 1444 Ι
1575 1411 1712 1442 aequore

174 1458 208 1487 et
229 1454 386 1486 immensi
404 1456 533 1493 partem
553 1452 633 1483 sibi
652 1451 804 1483 uindicat
824 1451 943 1489 austri,
961 1451 997 1482 id
1016 1454 1069 1483 est
1088 1451 1188 1483 etiam
1208 1451 1285 1489 sibi,
1303 1451 1409 1484 Theb.
1428 1460 1469 1483 IX
1491 1453 1554 1484 512
1574 1461 1624 1493 sq.
1643 1452 1714 1484 iam

174 1505 292 1539 Pallas
321 1508 354 1537 et
382 1504 450 1536 odit
471 1502 476 1547 Ι
499 1503 645 1544 Tydea.

220 1559 285 1591 786
308 1556 383 1588 Liu.
404 1564 445 1587 IX
463 1556 502 1587 31
527 1555 566 1586 12
586 1554 621 1586 C.
643 1554 765 1586 Iunius
788 1553 965 1585 Bubulcus
987 1553 1159 1586 Samnites
1178 1553 1332 1595 appellat
1350 1553 1472 1585 hostem
1486 1578 1494 1586 .
1511 1578 1519 1586 .
1536 1578 1543 1586 .
1559 1553 1713 1586 ultimam

174 1619 267 1650 spem
277 1607 370 1649 furto
389 1605 595 1638 insidiarum
611 1608 822 1645 temptantem
837 1608 866 1636 et
882 1605 949 1636 loco
966 1615 1034 1636 rwn
1049 1605 1154 1636 armis
1163 1604 1299 1645 fretum,
1317 1604 1435 1636 Claud.
1454 1613 1493 1636 VI
1508 1615 1599 1637 cons.
1618 1605 1710 1637 Hon.

173 1661 239 1692 479
258 1669 308 1700 sq.
329 1661 459 1690 tantum
474 1657 678 1698 praeclarior
693 1680 700 1688 .
719 1681 725 1688 .
743 1681 750 1688 .
766 1660 928 1696 quantum
943 1680 950 1688 .
969 1680 975 1688 .
993 1680 1000 1688 .
1017 1655 1196 1697 manifesta
1210 1680 1217 1688 .
1236 1680 1243 1687 .
1261 1680 1267 1687 .
1281 1655 1411 1696 proelia
1423 1655 1538 1697 furtis.

220 1713 285 1745 '792
307 1709 401 1751 quod
421 1709 650 1740 Baehrensius
672 1717 789 1739 amore
808 1708 861 1739 sui
878 1707 1019 1744 fecerat,
1035 1710 1076 1738 ut
1095 1708 1131 1738 in
1147 1706 1188 1738 ΙΙ.
1209 1706 1286 1738 Lat.
1304 1708 1368 1738 582
1384 1705 1538 1739 Muelleri
1553 1707 1712 1740 emenda-

175 1762 263 1794 tioni
276 1761 466 1803 praeferret
480 1760 663 1799 Aiacesque
677 1758 744 1790 duo
759 1758 842 1790 clari
856 1762 896 1795 et,
911 1758 947 1789 id
961 1758 1073 1790 iustae
1087 1768 1268 1790 mensurae
1282 1757 1361 1789 odio
1375 1757 1539 1799 probauit
1552 1758 1713 1791 Klotzius

174 1813 220 1846 ad
239 1812 328 1845 Stat.
347 1811 454 1843 Theb.
473 1820 511 1842 VI
527 1812 601 1843 372.
650 1810 696 1841 ad
712 1809 815 1841 Mart.
834 1812 941 1851 spect.
961 1811 1001 1841 15
1018 1811 1038 1841 8
1056 1809 1131 1850 (ubi
1147 1819 1238 1841 nunc
1253 1812 1402 1849 poteram
1420 1819 1491 1841 non
1504 1813 1655 1851 pateram
1670 1820 1713 1842 ex

175 1864 291 1897 codice
315 1863 465 1895 relatum
490 1864 555 1902 est)
582 1861 699 1893 confer
725 1860 825 1893 Ouid.
853 1863 935 1892 met.
963 1869 1033 1892 XIII
1057 1861 1122 1892 284
1147 1870 1197 1901 sq.
1224 1859 1277 1891 his
1301 1860 1426 1892 umeris
1441 1884 1448 1893 .
1466 1885 1473 1893 .
1490 1885 1498 1893 .
1514 1871 1570 1902 eqo
1593 1871 1713 1902 corpus

175 1915 319 1948 Achillis
342 1912 347 1957 Ι
367 1918 396 1946 et
411 1913 514 1945 simul
529 1923 624 1944 arma
648 1912 744 1949 tuli,·
773 1922 856 1952 quae
872 1922 961 1944 nunc
977 1921 1102 1952 quoque
1120 1911 1227 1953 ferre
1250 1911 1369 1943 laboro.

221 1968 286 2000 '794
309 1965 386 1998 Sen.
416 1965 459 1996 de
487 1964 563 1996 ben.
593 1972 616 1995 v
645 1964 686 1995 16
717 1965 738 1994 4
766 1966 809 1994 tot
836 1963 1025 2000 honoribus,
1054 1973 1135 2003 quos
1166 1973 1205 1994 ex
1231 1963 1380 1994 maxima
1403 1966 1498 2003 parte
1524 1963 1714 1995 inmaturus

177 2018 360 2054 inuaserat,
380 2016 462 2047 Luc.
481 2024 495 2047 1
511 2016 576 2048 316
597 2014 652 2046 ille
672 2018 755 2054 reqet
776 2024 893 2045 currus
913 2014 1063 2045 nondum
1081 2013 1287 2054 patientibus
1309 2014 1411 2046 annis
1425 2014 1452 2052 ?,
1473 2023 1542 2046 vm
1561 2016 1605 2046 24
1624 2025 1714 2047 nuru:

169 2069 347 2111 festinatos
368 2067 515 2099 nimium
537 2065 603 2097 sibi
621 2066 720 2097 sentit
735 2065 882 2102 honores,
900 2065 987 2096 Plin.
1006 2065 1076 2097 n.h.
1095 2073 1147 2096 vn
1164 2065 1205 2097 96
1222 2065 1339 2097 totiens
1356 2065 1524 2106 inperator
1538 2069 1714 2107 antequam

174 2120 279 2152 miles.

220 2173 284 2205 '795
307 2179 345 2202 IV
360 2171 403 2202 43
420 2169 520 2201 etiam
538 2168 645 2200 Italas
663 2178 743 2200 cum
758 2168 858 2199 hiatu
874 2167 948 2199 LM.

221 2224 285 2256 '797
307 2221 456 2253 fortasse
474 2219 556 2252 Cato
568 2219 726 2260 fortunae
746 2219 852 2250 uictor
872 2218 1075 2260 <fictor>que
1095 2218 1155 2249 sub
1176 2218 1281 2250 armis
1299 2216 1304 2262 Ι
1319 2218 1414 2250 miles
1434 2219 1590 2260 Aqrippa
1609 2229 1710 2252 suae:

176 2273 257 2305 uide
273 2272 388 2304 Plaut.
407 2272 488 2303 trin.
506 2271 614 2303 363—6
630 2280 710 2302 nam
725 2269 862 2310 sapiens
877 2269 1009 2310 quidem
1026 2269 1084 2310 pol
1103 2269 1201 2309 ipsus
1213 2269 1326 2310 finqi
1332 2273 1343 2301 t
1354 2269 1561 2310 fortunam
1578 2270 1658 2302 sibi
1674 2281 1688 2308 ,·
1703 2269 1709 2314 Ι

175 2335 211 2356 eo
227 2334 295 2355 mm
311 2323 416 2355 multa
432 2332 515 2363 quae
530 2321 641 2353 neuolt
656 2321 817 2353 eueniunt
833 2321 904 2352 nisi
926 2320 1050 2361 fictor
1078 2320 1210 2352 malust.
1234 2319 1238 2363 Ι
1258 2320 1363 2352 multa
1397 2320 1450 2352 illi
1482 2331 1582 2361 opera
1614 2325 1712 2362 opust

169 2375 311 2417 ficturae
332 2374 391 2415 qui
412 2383 446 2405 se
461 2373 610 2414 fictorem
630 2372 771 2413 probum
794 2371 798 2415 Ι
818 2372 908 2403 uitae
930 2371 1082 2412 aqundae
1104 2381 1172 2403 esse
1194 2371 1325 2412 expetit,
1349 2371 1430 2403 Sall.
1454 2372 1497 2403 de
1518 2383 1588 2414 rep.
1612 2381 1627 2404 1
1650 2374 1665 2405 1
1690 2373 1710 2405 2

176 2426 315 2467 Appius
342 2425 391 2457 ait
413 2424 575 2466 fabrum
604 2434 672 2456 esse
699 2433 793 2455 suae
821 2433 977 2463 quemque
1001 2422 1204 2464 fortunae,
1234 2422 1308 2454 Liu.
1336 2431 1457 2454 XXXIX
1480 2425 1522 2455 40
1546 2425 1568 2455 4
1592 2423 1631 2456 in
1654 2423 1712 2456 hoc

175 2477 250 2509 uiro
268 2480 360 2508 tanta
376 2476 432 2507 uis
449 2475 559 2507 animi
576 2474 768 2515 inqeniique
779 2474 851 2515 fuit
868 2477 916 2511 ut,
933 2484 1135 2514 quocumque
1152 2473 1219 2505 loco
1237 2477 1336 2505 natus
1353 2477 1444 2511 esset,
1456 2473 1630 2515 fortunam
1646 2474 1712 2507 sibi

176 2529 249 2569 lpse
265 2527 419 2569 facturus
437 2526 547 2567 fuisse
568 2525 743 2557 uideretur.
792 2535 903 2566 neque
925 2526 1017 2556 enim
1039 2524 1155 2556 matris
1177 2524 1311 2556 collatis
1333 2524 1417 2556 Hor.
1441 2535 1540 2557 serm.
1564 2534 1593 2557 11
1614 2526 1634 2557 6
1654 2526 1710 2564 49,

176 2579 268 2611 Petr.
288 2579 330 2610 43
350 2579 381 2615 7,
400 2577 487 2608 Plin.
507 2577 578 2608 n.h.
599 2585 651 2607 vn
669 2577 724 2613 43,
744 2576 847 2617 Soph.
870 2576 938 2608 O.t.
962 2577 1045 2608 1080
1064 2576 1115 2607 ita
1133 2576 1262 2607 seruari
1278 2585 1378 2616 posse
1395 2579 1482 2617 puto
1499 2579 1541 2608 ut
1557 2576 1711 2619 Agrippa

177 2630 354 2662 Fortunae
369 2628 459 2660 filius
475 2627 539 2659 sub
555 2628 627 2659 eius
643 2627 747 2659 armis
762 2627 928 2658 militasse
944 2627 1091 2664 dicatur,
1107 2637 1212 2667 quem
1226 2627 1319 2659 tristi
1333 2627 1477 2668 augurio
1491 2630 1710 2669 praepostere

175 2683 301 2713 natum
316 2679 422 2711 refert
438 2679 569 2710 Plinius
585 2678 654 2709 n.h.
673 2686 726 2709 vn
742 2679 784 2709 45
801 2688 850 2718 sq.

223 2734 286 2765 800
310 2740 429 2762 eorum
458 2739 562 2761 causa
590 2729 651 2769 qui
678 2728 877 2769 Augustum
904 2729 941 2760 in
968 2724 1068 2760 terris
1097 2727 1230 2760 caelum
1257 2738 1372 2770 regere
1399 2728 1524 2761 uolunt
1551 2728 1710 2762 adscribo

178 2783 285 2815 etiam
300 2780 403 2813 Mart.
423 2789 493 2812 xm
509 2782 530 2811 4
546 2790 638 2811 serus
655 2783 691 2811 ut
707 2779 869 2811 aetheriae
886 2779 1102 2811 Germanicus
1119 2779 1254 2819 imperet
1270 2779 1368 2811 aulae
1389 2777 1394 2823 Ι
1413 2783 1510 2820 utque
1526 2779 1587 2812 diu
1602 2780 1708 2818 terris,

179 2834 223 2866 da
237 2833 299 2875 pia
316 2836 391 2864 tura
410 2832 490 2864 Ioui
506 2834 541 2862 et
558 2831 646 2863 Stat.
666 2830 741 2862 silu.
760 2839 803 2862 111
819 2831 839 2862 3
858 2831 920 2863 138
936 2841 986 2871 sq.
1005 2830 1102 2862 illum
1119 2830 1254 2871 (diuum
1270 2830 1534 2872 Vespasianum)
1551 2831 1610 2872 qui
1625 2833 1709 2863 nutu
