1855 3088
554 129 1037 174 ASTRONOMICON
1068 130 1110 172 V
1544 131 1597 169 89

225 242 406 298 turpiter
424 242 468 284 in
486 247 610 284 tanto
630 242 850 284 cedentem
869 242 1052 298 pondere
1072 242 1241 296 punctis
1260 256 1270 292 ;

222 317 289 358 ille
308 316 451 371 tigrim
468 316 584 358 rabie
604 317 740 358 soluet
759 317 936 372 pacique
956 317 1161 366 domabit,

224 405 414 446 quaeque
433 391 516 432 alia
535 390 740 432 infestant
759 391 874 432 siluis
893 391 1092 432 animalia
1110 396 1244 432 terras

222 465 367 520 iunget
386 464 573 506 amicitia
592 479 746 515 secum,
768 465 1014 520 catulosque
1034 479 1202 519 sagaces

351 540 374 564 ²1<
593 540 616 564 ²1<
835 540 858 564 *
1078 540 1101 564 *
1321 539 1344 564 *

102 604 169 635 710
224 596 351 638 tertia
373 595 565 638 Pleiadas
586 596 756 638 dotauit
776 596 913 637 forma
933 610 1093 637 sorores

59 735 93 766 p.
118 725 193 762 378,
217 724 348 757 cunctis
369 724 449 756 libri
539 727 603 758 707
624 722 779 756 domabit
798 723 892 762 ΗΜ,
915 722 1056 756 donabit
1078 723 1133 755 GL
1224 726 1288 758 '708
1309 723 1419 755 siluis.
1468 725 1598 756 Donat.

61 775 190 808 G.L.K.
208 785 245 807 1v
258 786 291 816 p.
308 777 373 808 394
399 776 505 808 18-20
520 775 755 816 (soloecismus
770 775 823 814 fit)
839 785 915 807 cum
928 776 1168 816 (praepositio)
1184 775 1370 807 necessaria
1383 775 1599 811 subtrahitur,

60 829 97 858 ut
129 826 274 858 ‘siluis
301 829 341 864 te,
372 826 551 867 Tyrrhene,
572 826 666 867 seras
692 826 818 866 aqitare
841 826 994 867 putasti’
1021 827 1135 867 (Verg.
1164 826 1249 858 Aen.
1279 835 1320 857 XI
1346 827 1423 865 686)
1449 836 1511 866 pro
1541 825 1601 856 ‘in

58 880 158 912 siluis
174 880 205 912 ’z
245 880 334 912 adde
358 890 471 922 georg.
499 888 514 911 Ι
540 881 602 912 187
628 882 664 911 et
691 879 792 912 Ouid.
817 880 888 912 her.
913 889 951 912 1v
975 881 1028 913 93.
1075 880 1184 912 siluae
1203 880 1356 922 ferarum
1379 879 1602 921 appellantur

60 931 159 964 Lucr.
187 940 210 963 v
236 933 310 964 201.
358 932 419 963 sed
444 942 515 963 non
540 931 641 964 facile
668 930 845 963 ablatiuus
871 942 892 963 a
918 931 1025 963 uerbo
1051 933 1151 964 iuxta
1177 933 1292 973 posito
1319 931 1519 968 diuellitur;
1561 934 1601 962 ut

60 983 245 1015 uideantur
267 982 431 1014 animalia
453 993 524 1014 non
547 983 650 1015 caede
673 993 736 1015 nec
758 983 943 1015 formidine
966 986 1076 1014 terras
1099 983 1160 1014 sed
1182 982 1289 1020 siluis,
1314 984 1440 1014 mirum
1463 983 1498 1014 ni
1522 993 1542 1014 a
1566 992 1601 1013 se

59 1034 155 1071 satis,
176 1034 340 1065 infestare
360 1034 450 1071 dici;
485 1044 608 1075 neque,
630 1035 659 1065 si
678 1033 745 1066 loci
765 1033 1018 1075 significatione
1038 1033 1191 1075 ponitur,
1214 1033 1414 1075 aptissimus
1435 1037 1498 1070 est,
1522 1044 1601 1064 cum

58 1085 162 1122 ferae,
176 1086 205 1117 si
217 1086 310 1117 intra
322 1084 428 1116 siluas
441 1094 476 1116 se
490 1086 705 1122 contineant,
719 1095 809 1126 quae
821 1084 909 1121 loca,
923 1088 964 1116 ut
977 1084 1028 1116 ait
1041 1084 1232 1122 Lucretius,
1248 1084 1385 1116 uitandi
1397 1084 1601 1126 plerumque

59 1138 113 1167 est
132 1138 252 1168 nostra
270 1138 438 1177 potestas,
459 1146 500 1167 eo
521 1135 635 1167 minus
655 1139 766 1167 terras
785 1135 963 1168 infestent.
1011 1136 1131 1177 itaque
1152 1136 1338 1168 dicendum
1358 1135 1475 1177 potius
1495 1135 1601 1167 fuisse

59 1186 198 1219 uidetur
220 1187 380 1228 infestant
406 1187 538 1219 siluas
561 1187 728 1218 animalia
750 1187 884 1224 terris,
914 1189 955 1219 ut
973 1195 1002 1219 11
1020 1188 1062 1219 99
1081 1191 1173 1219 muta
1190 1187 1357 1218 animalia
1374 1186 1480 1223 terris,
1500 1187 1600 1228 Verg.

60 1238 144 1270 Aen.
167 1246 212 1269 111
233 1239 295 1270 147
316 1238 411 1270 terris
432 1237 599 1269 animalia
620 1249 758 1270 somnus
781 1238 926 1270 habebat.
974 1239 1069 1279 quod
1089 1238 1173 1270 olim
1194 1239 1323 1270 conieci
1338 1238 1457 1279 furiis,
1479 1237 1601 1274 furiae,

60 1289 125 1321 hoc
153 1292 206 1320 est
232 1290 284 1321 ira
310 1289 486 1330 furorque,
514 1289 659 1331 tigrium
687 1289 903 1331 aliorumque
932 1289 1137 1321 animalium
1165 1292 1482 1321 commemorantur
1510 1289 1600 1320 Stat.

60 1340 167 1372 Theb.
190 1349 244 1371 VII
264 1342 339 1378 580,
362 1340 439 1372 Val.
461 1340 513 1372 Fl.
534 1349 580 1372 ΙΙΙ
600 1341 676 1377 590,
698 1340 801 1373 Mart.
825 1349 854 1372 ΙΙ
874 1342 917 1373 43
939 1343 970 1378 5,
993 1340 1099 1378 alibi3
1134 1341 1256 1372 eadem
1277 1343 1331 1371 est
1351 1340 1459 1372 rabies
1482 1341 1544 1372 707
1566 1343 1603 1371 et

60 1399 99 1423 IV
117 1392 182 1423 235
273 1394 336 1425 709
355 1390 510 1423 amicitia
528 1390 567 1430 G,
587 1390 758 1423 amicitias
776 1391 840 1423 LM
929 1392 1054 1423 catulos
1074 1391 1314 1424 accusatiuum
1334 1402 1404 1423 non
1424 1391 1469 1422 ad
1488 1392 1602 1431 iunqet

59 1442 119 1474 sed
149 1443 195 1474 ad
223 1442 369 1475 uerbum
398 1453 489 1475 nuno
520 1443 755 1475 desideratum
784 1442 904 1475 referri
930 1442 1109 1475 intellexit
1138 1443 1327 1484 Pingraeus
1416 1443 1509 1474 inter
1539 1445 1603 1475 '709

60 1497 97 1526 et
115 1496 178 1527 71⁰
196 1493 332 1526 hiatum
355 1493 500 1535 agnouit
521 1493 682 1535 Scaliger.
729 1493 830 1535 plura
852 1493 972 1535 legisse
995 1494 1136 1526 uidetur
1158 1493 1338 1531 Firmicus‚
1358 1494 1419 1534 qui
1436 1502 1506 1524 VIII
1525 1494 1564 1524 17
1585 1494 1602 1524 7

61 1544 144 1576 haec
160 1544 278 1582 habet,
294 1548 456 1577 extremus
471 1548 517 1576 est
530 1545 677 1586 Anguis,
693 1545 753 1586 qui
768 1544 853 1577 inter
867 1545 954 1577 duas
968 1545 1085 1577 Arctos
1098 1545 1230 1585 positus
1247 1545 1284 1576 in
1300 1545 1434 1576 modum
1442 1545 1603 1586 fluminis

60 1596 209 1628 sinuosis
223 1595 368 1637 flexibus
389 1595 512 1628 labitur
532 1597 612 1637 (hoc
633 1607 675 1628 ex
697 1596 796 1638 Verg.
818 1607 931 1638 georg.
955 1604 970 1627 1
989 1598 1054 1628 244
1075 1598 1153 1637 sq.).
1201 1597 1398 1637 quicumque
1419 1596 1476 1627 hoc
1497 1595 1604 1627 sidere

61 1646 135 1678 nati
145 1646 285 1688 fuerint,
304 1651 400 1679 erunt
418 1647 533 1679 Marsi
548 1647 602 1679 uel
618 1647 678 1689 qui
694 1647 834 1680 uenenis
851 1658 891 1679 ex
907 1647 1082 1679 herbarum
1096 1647 1278 1688 piqmentis
1296 1647 1462 1679 salutaria
1478 1647 1604 1678 soleant

60 1698 206 1730 remedia
227 1709 431 1739 conparare;
468 1709 580 1740 neque
603 1698 696 1731 enim
719 1710 740 1731 a
762 1709 845 1731 uero
868 1699 1034 1731 abhorret
1056 1699 1240 1730 Manilium
1263 1699 1306 1730 de
1330 1698 1500 1730 Draconis
1523 1702 1603 1730 ortu

58 1749 216 1782 locutum
242 1760 326 1788 esse,
352 1749 450 1782 cuius
473 1753 581 1792 caput
604 1754 705 1782 extra
728 1750 896 1782 circulum
920 1750 1089 1782 arcticum
1114 1750 1319 1792 prominere,
1345 1750 1498 1782 occidere
1523 1760 1604 1791 ergo

59 1805 96 1833 et
118 1801 216 1840 oriri,
235 1802 429 1834 tradiderat
450 1802 593 1834 Attalus
615 1801 660 1833 ab
683 1801 886 1843 Hipparcho
908 1810 923 1833 1
944 1804 965 1833 4
989 1803 1008 1833 7
1031 1811 1081 1842 sq.
1106 1803 1332 1843 reprehensus
1354 1802 1415 1833 sed
1437 1804 1604 1842 sequente

61 1852 221 1885 Cicerone
247 1853 318 1884 n.d.
347 1861 377 1884 11
404 1854 476 1885 108.
524 1853 586 1884 sed
612 1853 707 1894 quod
733 1852 857 1884 deinde
883 1852 1021 1894 signum
1047 1853 1218 1884 Firmicus
1244 1852 1372 1894 Angui,
1399 1863 1503 1893 quem
1528 1853 1604 1894 ipse

60 1906 256 1936 extremum
272 1914 347 1935 esse
363 1903 511 1942 dixerat,
529 1906 648 1935 tamen
665 1904 805 1941 subicit,
823 1904 980 1945 Lychnus
996 1914 1121 1945 quoque
1138 1904 1182 1935 ad
1198 1904 1300 1936 huius
1316 1903 1408 1944 siqni
1424 1903 1603 1945 (Piscium,

61 1965 211 1996 quorum
225 1955 271 1987 ad
284 1955 445 1987 ultimam
459 1958 596 1996 partem
610 1955 717 1987 etiam
732 1955 1012 1996 Septentrionem
1026 1956 1163 1987 trahere
1178 1958 1324 1987 conatus
1339 1958 1394 1986 est
1407 1955 1603 1996 quibusque

63 2006 177 2038 Draco
200 2008 453 2047 παρανατέλλειν
478 2005 605 2038 dicitur
625 2005 664 2038 in
691 2006 766 2038 cod.
793 2006 933 2038 Barocc.
960 2006 1050 2038 Boll.
1074 2006 1210 2048 sphaer.
1235 2017 1269 2048 p.
1294 2008 1359 2038 465
1385 2008 1439 2045 13)
1461 2009 1604 2046 pertinet

59 2060 199 2098 partem,
218 2057 256 2089 id
275 2067 355 2089 eum
375 2057 469 2098 apud
487 2057 671 2089 Manilium
689 2057 863 2089 inuenisse
882 2068 953 2089 non
975 2057 1077 2089 credo
1101 2058 1173 2095 sed,
1194 2061 1234 2088 ut
1256 2057 1430 2089 fissionem
1455 2057 1604 2098 ungulae

62 2108 167 2140 Tauri
182 2117 251 2140 V111
267 2109 286 2140 7
302 2111 322 2140 5
338 2111 374 2140 et
390 2108 499 2150 Styga
518 2109 556 2139 12
573 2110 605 2146 2,
623 2108 762 2140 aliunde
777 2108 938 2140 intulisse
953 2121 960 2146 ;
991 2118 1080 2149 quae
1097 2108 1189 2140 enim
1205 2108 1248 2140 de
1264 2108 1390 2150 genitis
1404 2108 1464 2140 illo
1480 2108 1603 2146 tradit,

62 2159 259 2201 quicumque
288 2159 347 2191 hoc
376 2158 483 2190 sidere
512 2158 587 2191 nati
610 2158 753 2199 fuerint,
785 2162 881 2191 erunt
911 2160 1117 2191 metallorum
1148 2159 1348 2197 inuentores,
1379 2159 1438 2200 qui
1468 2160 1604 2191 latentes

63 2211 142 2243 auri
167 2215 196 2243 et
222 2210 350 2251 arqenti
375 2220 481 2242 uenas
507 2214 536 2242 et
561 2214 742 2242 ceterarum
767 2210 952 2251 specierum
977 2211 1163 2242 sollertibus
1190 2211 1469 2252 inquisitionibus
1493 2221 1602 2251 perse-

62 2266 217 2303 quantur.
264 2266 361 2294 erunt
382 2261 483 2293 etiam
505 2262 692 2300 monetarii,
715 2272 757 2294 ea
779 2262 991 2304 respondent
1013 2262 1148 2294 Manilii
1170 2262 1326 2293 uersibus
1349 2263 1491 2300 522-36‚
1516 2272 1604 2302 quos

60 2313 123 2346 illo
151 2313 227 2346 loco
251 2316 385 2345 uertere
408 2313 571 2355 neglexit.
620 2315 773 2345 ceterum
797 2314 963 2355 sphaerae
986 2313 1183 2354 Aegyptiae
1213 2313 1350 2355 signum
1381 2315 1396 2345 ὁ
1427 2316 1467 2344 τὰ
1498 2316 1603 2353 λύχνα

66 2367 168 2406 φέρων
199 2365 318 2396 Teucr.
347 2364 437 2396 Boll.
463 2365 538 2406 sph.
567 2375 599 2406 p.
630 2365 671 2396 16
702 2364 814 2406 primo
846 2364 975 2395 Arietis
1005 2364 1136 2396 decano
1168 2367 1402 2406 παρανατέλλει
1433 2367 1469 2396 et
1499 2375 1532 2406 p.
1561 2366 1603 2396 42

66 2418 298 2456 κανδηλάπτασ
324 2418 360 2447 et
386 2418 632 2457 λαμπαδαρίουσ
661 2418 764 2455 δηλοῖ,
791 2415 884 2447 idem
910 2415 1074 2448 C.C.A.G.
1101 2425 1123 2447 V
1148 2416 1160 2446 i
1186 2426 1219 2457 p.
1249 2417 1312 2448 188
1339 2417 1378 2448 21
1409 2415 1457 2456 τῇ
1484 2418 1605 2456 σελήνῃ

66 2470 277 2509 παραβάλλον
299 2469 427 2509 ἁρμόσει
452 2469 642 2507 δᾳδουχίαισ
737 2469 889 2500 710-’745
916 2467 1074 2508 sequitur
1095 2466 1190 2498 locus
1213 2467 1314 2498 initio
1337 2467 1482 2498 mutilus
1505 2467 1548 2498 de
1568 2477 1604 2498 re

65 2529 86 2551 a
109 2518 224 2559 quinti
246 2518 326 2549 libri
350 2521 556 2560 argumento
579 2517 703 2556 aliena,
728 2517 907 2549 stellarum
930 2517 968 2549 in
991 2528 1050 2549 sex
1073 2518 1198 2550 classes
1222 2519 1411 2550 secundum
1434 2518 1546 2550 lucem
1568 2521 1604 2549 et

66 2569 343 2612 magnitudinem
373 2569 553 2601 diuisione.
601 2569 728 2611 Porph.
764 2569 802 2600 in
838 2568 928 2600 Ptol.
966 2572 1046 2600 tetr.
1083 2580 1117 2610 p.
1153 2570 1218 2601 200
1254 2573 1383 2609 ἔχουσιν
1421 2572 1474 2608 (τὰ
1509 2570 1604 2610 ζῴδια

67 2624 118 2653 καὶ
162 2623 203 2653 τὰ
247 2623 548 2662 παρανατέλλοντα)
594 2623 627 2652 ἐν
673 2622 801 2652 ὲαυτοΐσ
845 2622 1016 2661 λαμπροὺσ
1062 2623 1204 2662 ἀστέρασ
1249 2624 1300 2652 καὶ
1345 2623 1505 2662 άμυδροὺσ
1553 2624 1604 2652 καὶ

67 2674 309 2713 στυγνοτέρουσ.
358 2676 493 2704 τούτουσ
513 2674 715 2713 τηρήσαντεσ
738 2674 765 2703 οἱ
788 2674 919 2703 παλαιοὶ
941 2674 1029 2704 εἶπον
1053 2675 1131 2704 τοὺσ
1151 2675 1208 2711 μὲν
1230 2675 1479 2713 λαμπροτάτουσ
1501 2675 1604 2703 αὐτῶν

66 2726 225 2764 μεγέθουσ
251 2725 387 2765 πρώτου,
412 2726 490 2755 τοὺσ
518 2725 552 2755 δὲ
577 2724 809 2764 ἀμυδροτέρουσ
835 2725 994 2763 μεγέθουσ
1020 2725 1175 2764 δευτέρου,
1206 2726 1283 2755 robo-
1312 2726 1346 2755 δὲ
1370 2725 1605 2764 στυγνοτέρουσ

67 2777 226 2816 μεγέθουσ
261 2777 379 2816 τρίτου,
417 2777 469 2806 καὶ
506 2776 582 2814 ἑξῆο·
616 2776 803 2806 ἀκολούθωσ
833 2776 921 2815 εὗρον
951 2777 1069 2806 αὐτοὺσ·
1100 2777 1162 2807 &wo-
1193 2778 1248 2806 τοῦ
1280 2777 1372 2806 ἕκτου
1402 2777 1560 2814 μεγέθουσ·

164 2828 229 2860 ’710
249 2825 374 2868 forma,
403 2825 619 2868 magnitudo,
648 2828 689 2857 ut
713 2825 814 2857 Ouid.
843 2828 926 2857 met.
954 2834 978 2857 v
1004 2827 1068 2858 457
1097 2836 1147 2867 sq.
1176 2827 1215 2858 in
1232 2850 1239 2858 .
1259 2850 1266 2858 .
1286 2850 1293 2857 .
1312 2827 1443 2858 breuem
1459 2825 1606 2867 sormam
