1855 3088
575 130 1058 174 ASTRONOMICON
1088 131 1130 173 V
1567 133 1619 171 85

247 241 406 283 euomit
425 246 468 282 et
487 241 623 283 mixto
642 247 816 296 gustum
835 242 920 283 sale
939 248 1152 297 temperat
1171 243 1253 283 oris
1273 257 1281 292 3

245 316 316 357 illa
334 316 471 370 putris
489 315 640 357 turbae
660 321 820 371 strages
839 317 1113 359 confunditur
1132 317 1269 358 omnis

245 390 551 445 permiscetque
571 404 668 431 suas
687 391 850 432 alterna
869 391 913 432 in
933 392 1089 432 damna
1108 392 1263 446 figuras

124 471 192 504 675
246 478 580 519 conmunemque
600 464 703 506 cibis
722 479 847 506 usum
866 479 1097 520 sucumque
1116 465 1344 506 ministrat.

246 543 334 588 aut,
356 552 454 579 cum
473 538 662 580 caeruleo
682 539 804 580 stetit
822 539 914 594 ipsa
934 539 1144 580 simillima
1163 544 1297 594 ponto

246 612 559 667 squamigerum
577 613 710 654 nubes
730 613 941 668 turbaque
960 614 1172 655 inmobilis
1191 613 1349 663 haeret,

247 686 455 741 excipitur
473 692 598 729 uasta
618 687 775 729 circum
794 688 954 729 uallata
974 702 1127 742 sagena

246 760 512 816 ingentisque
531 761 647 803 lacus
666 766 710 803 et
730 761 886 803 Bacchi
906 762 1018 803 dolia
1038 762 1208 817 conplet

124 842 192 873 680
246 835 487 890 umorisque
506 836 644 877 uomit
663 836 796 877 socias
815 851 889 891 per
908 842 1059 877 mutua
1079 837 1200 878 dotes

248 914 291 951 et
309 904 404 951 fluit
422 909 467 951 in
485 909 691 965 liquidam
709 910 856 952 tabem
873 911 1058 952 resoluta
1078 911 1297 952 medullas.

83 1046 343 1085 putrescentium
365 1045 520 1076 sanies:
551 1045 641 1077 adde
661 1045 738 1077 sen.
757 1055 809 1087 ep.
829 1046 871 1077 95
891 1047 933 1077 25
953 1045 1040 1077 illud
1064 1046 1229 1077 sociorum
1252 1056 1381 1085 qurum,
1405 1045 1626 1085 pretiosam

87 1094 249 1126 malorum
256 1095 405 1135 piscium
418 1096 588 1132 saniem,
603 1106 671 1127 non
682 1096 788 1127 credis
801 1106 894 1127 urere
905 1096 996 1127 salsa
1006 1096 1076 1127 tabe
1083 1096 1280 1136 praecordia
1296 1097 1310 1127 ?
1401 1096 1523 1128 florem
1536 1095 1624 1133 ΗΜ,

85 1145 210 1178 florum
229 1145 284 1178 GL
303 1146 378 1178 cod.
395 1147 548 1178 Venetus
569 1147 639 1186 (hic
658 1147 766 1178 etiam
790 1148 951 1186 cruores).
1000 1148 1102 1179 Mart.
1126 1156 1197 1178 XIII
1222 1149 1282 1179 102
1306 1146 1495 1187 expirantis
1519 1147 1627 1178 adhuc

85 1196 226 1229 scombri
246 1197 286 1228 de
307 1197 506 1238 sanquine
533 1197 664 1238 primo
681 1195 812 1240 laccipe
825 1197 1003 1238 fastosum,
1022 1209 1163 1230 munera
1178 1209 1267 1235 cara,
1285 1209 1413 1238 qurum.
1460 1198 1536 1238 yari
1547 1199 1625 1239 flos,

84 1249 150 1281 hoc
162 1251 215 1280 est
225 1259 348 1290 garum
361 1249 546 1290 optimum,
560 1249 669 1281 C.I.L.
684 1258 722 1281 Iv
735 1251 821 1281 5663
834 1250 869 1280 in
884 1250 1053 1291 amphora
1065 1253 1101 1281 et
1114 1250 1235 1287 urceis,
1250 1251 1330 1291 Veg.
1347 1249 1488 1281 mulom.
1504 1259 1532 1281 11
1545 1251 1587 1281 22
1606 1252 1626 1282 8

86 1302 122 1332 et
136 1308 180 1331 ΠΙ
195 1301 239 1332 28
256 1301 295 1332 10
388 1301 453 1333 672
468 1300 575 1332 mixto
591 1301 664 1339 LM,
681 1302 786 1342 guxto
803 1300 830 1332 G
850 1304 1036 1342 praecepto
1057 1302 1233 1342 sequentis
1253 1301 1348 1333 uocis
1366 1301 1468 1331 initio
1559 1300 1627 1332 cibi

86 1351 348 1383 condimentum
376 1354 440 1383 est.
488 1351 590 1383 Mart.
623 1360 694 1383 XIII
721 1353 764 1383 40
794 1353 814 1383 2
844 1352 1032 1392 Hesperius
1059 1352 1201 1383 scombri
1229 1355 1382 1392 temperet
1410 1363 1476 1383 oua
1505 1352 1625 1393 liquor,

87 1401 173 1434 Plin.
190 1402 261 1434 n.h.
278 1410 373 1434 XXXI
388 1403 429 1434 87
445 1401 525 1442 (sal)
537 1403 760 1443 pulmentarii
774 1403 881 1434 uicem
895 1403 1022 1444 implet,
1037 1404 1185 1435 excitans
1200 1403 1396 1434 auiditatem
1412 1404 1628 1444 innitensque

85 1453 124 1485 in
142 1453 295 1485 omnibus
313 1453 396 1485 cibis
415 1453 463 1485 ita
482 1457 517 1485 ut
535 1453 580 1485 sit
596 1454 780 1494 peculiaris
799 1464 838 1485 ex
856 1464 891 1485 eo
911 1454 1094 1486 intellectus
1113 1454 1200 1486 inter
1219 1454 1399 1486 innumera
1417 1454 1628 1486 condimenta

85 1505 232 1536 ciborum
261 1505 299 1536 in
328 1504 515 1536 mandendo
544 1505 714 1545 quaesitus
742 1516 832 1545 qaro,
864 1506 906 1536 95
937 1505 1188 1546 innumerisque
1216 1506 1390 1546 qeneribus
1420 1506 1464 1537 ad
1492 1517 1628 1546 sapores

86 1556 183 1596 qulae
209 1557 315 1596 coepit
342 1556 394 1587 sal
421 1556 580 1588 tabescere
671 1559 824 1590 673—675
851 1556 1001 1588 alterum
1029 1560 1066 1588 et
1094 1557 1205 1598 magis
1233 1557 1375 1598 uulgare
1411 1557 1627 1589 condimenti

85 1617 192 1649 genus
216 1607 311 1649 quod
331 1617 375 1638 ex
398 1607 525 1648 thynni
545 1607 707 1639 carnibus
728 1607 769 1639 fit
789 1608 934 1639 retentis
957 1608 1057 1640 sucis.
1107 1608 1275 1640 hallecem
1298 1608 1444 1640 describi
1465 1609 1516 1640 ait
1537 1608 1626 1640 Mar-

86 1658 268 1700 quardtius
288 1658 434 1690 Privatl.
455 1659 507 1690 ed.
529 1661 549 1691 2
571 1670 604 1700 p.
626 1660 687 1690 441
711 1670 744 1690 n.
768 1660 787 1690 6
807 1662 1025 1700 repugnante
1046 1662 1086 1690 ut
1106 1659 1246 1691 uidetur
1266 1659 1355 1691 Plin.
1378 1660 1447 1691 n.h.
1472 1669 1565 1691 XXXI
1587 1661 1628 1691 95

85 1709 210 1741 uitium
231 1710 333 1741 huius
356 1710 516 1750 (muriae)
540 1713 585 1741 est
608 1710 716 1742 hallex
738 1713 834 1751 atque
856 1709 1068 1751 imperfectae
1090 1721 1148 1741 nec
1170 1711 1293 1742 colatae
1309 1710 1413 1751 saex;
1450 1711 1486 1741 id
1509 1715 1627 1743 autem

85 1771 212 1793 nomen
230 1761 383 1793 incertae
401 1761 664 1802 significationis
683 1764 747 1798 est,
770 1761 974 1802 plerumque
992 1761 1175 1802 liquidam,
1192 1762 1380 1798 interdurn,
1402 1766 1442 1793 ut
1462 1763 1537 1794 Cat.
1555 1773 1626 1804 agr.

86 1813 141 1850 58,
155 1813 257 1844 Mart.
273 1821 314 1844 XI
327 1813 370 1844 27
385 1813 416 1849 6,
431 1822 529 1853 geop.
547 1821 598 1844 XX
612 1814 655 1844 46
669 1814 688 1844 2
704 1816 740 1843 eb
753 1813 785 1849 3,
802 1812 923 1844 C-G.L.
940 1821 969 1844 11
982 1823 1015 1854 p.
1032 1813 1093 1844 391
1111 1814 1153 1844 22
1170 1814 1315 1854 (ὀψάριον
1333 1815 1626 1854 τεταριχευμένου),

85 1863 282 1896 solidiorem
305 1874 378 1895 rem
402 1863 589 1895 ostendens
681 1866 744 1897 673
767 1863 888 1895 turbae
912 1865 1042 1905 strages
1067 1864 1249 1895 Reinesius
1273 1864 1363 1896 Scal.
1389 1865 1441 1896 ed.
1469 1866 1489 1896 3
1513 1876 1545 1906 p.
1573 1866 1627 1902 24,

83 1915 185 1947 turba
203 1917 254 1947 est
270 1923 368 1956 rages
386 1915 432 1953 M,
451 1914 568 1946 turbat
584 1916 714 1956 strages
733 1914 814 1953 GL2,
832 1914 990 1946 turbatae
1008 1916 1041 1946 st
1057 1924 1155 1956 rages
1174 1915 1210 1954 L,
1231 1916 1326 1947 turba
1344 1919 1390 1947 est
1408 1919 1531 1956 straqes
1550 1917 1627 1949 cod.

85 1965 177 1998 Flor.
269 1968 334 2000 675
367 1965 470 1997 uilius
504 1976 587 2007 garo
621 1966 884 1997 condimentum
918 1966 1063 2007 praebet
1154 1969 1305 2000 676-681
1340 1967 1416 2008 gari
1449 1968 1627 2000 muriaeue

85 2027 193 2059 genus
212 2027 283 2050 non
303 2027 346 2049 ex
366 2017 503 2058 thynno
523 2018 657 2049 factum
678 2017 739 2048 sed
759 2027 802 2048 ex
822 2017 1014 2048 minoribus
1035 2017 1187 2058 piscibus
1208 2017 1329 2058 quales
1349 2029 1446 2060 geop.
1471 2028 1522 2049 xx
1543 2020 1586 2050 46
1610 2021 1623 2050 1

85 2072 122 2100 et
155 2069 175 2101 3
209 2070 458 2100 enumerantur
492 2071 643 2110 ἁθερῖναι,
686 2071 826 2110 τριγλιά,
865 2071 1022 2107 μαινίδεσ,
1061 2071 1262 2108 λυκόστομοι,
1301 2072 1420 2110 σαῦροι,
1461 2073 1621 2111 σκόμβροι.

85 2119 169 2152 ibid.
196 2120 217 2151 2
241 2122 374 2160 κόφινοσ·
397 2121 522 2161 μακρὸσ
546 2122 668 2151 πυκνὸσ
691 2122 847 2151 ἐντίθεται
871 2122 920 2151 εἰσ
943 2122 980 2152 τὸ
1002 2122 1119 2158 μεστὸν
1144 2122 1276 2160 ἀγγεῖον
1301 2123 1365 2152 τῶν
1393 2124 1626 2162 προειρημένων

87 2174 239 2213 ὀψαρίων,
261 2174 313 2203 καὶ
334 2173 433 2211 εἰσρεῖ
450 2173 487 2203 τὸ
509 2173 611 2212 Ὑάροσ
635 2173 683 2202 εἰσ
707 2173 761 2203 τὸν
786 2173 926 2211 κόφινον,
946 2174 998 2202 καὶ
1021 2174 1102 2202 οὕτω
1125 2173 1174 2202 διὰ.
1196 2175 1251 2203 τοῦ
1271 2175 1401 2211 κοφίνου
1423 2174 1569 2212 διηθηθὲν
1590 2175 1626 2205 τὸ

87 2225 279 2262 καλούμενον
313 2224 481 2260 λικουάμεν
518 2221 724 2263 (liquamen)
763 2224 974 2263 ἀναιροῦνται.
1023 2222 1177 2254 Maneth.
1214 2231 1252 2254 VI
1288 2224 1352 2255 463
1389 2234 1439 2264 Sq.
1477 2227 1631 2264 εὐχανδεῖ

87 2274 200 2314 χαλκῷ
238 2276 360 2306 κοίλοισ
395 2286 430 2305 τε
465 2276 599 2314 λέβησιν
618 2272 623 2317 Ι
639 2276 833 2312 πυθομένοισ
867 2276 1037 2311 μέλδουσιν
1073 2275 1126 2312 ἅμ’
1163 2277 1291 2313 ἰχθύσιν
1328 2277 1438 2306 οὐλοὸν
1477 2278 1582 2315 ἅλμην

176 2327 239 2359 677
267 2324 369 2357 turba
398 2324 587 2362 Bentleius‚
617 2324 738 2356 turbae
768 2324 870 2361 GLM,
901 2328 1005 2356 terrae
1034 2325 1109 2356 cod.
1141 2324 1258 2356 Flor.:
1306 2325 1516 2358 ‘immobilis
1544 2337 1628 2368 prae

85 2375 191 2408 turba
205 2376 213 2390 '
240 2375 417 2408 Bentleius
509 2378 573 2409 678
597 2384 725 2417 sagena
749 2375 831 2414 GL2,
857 2375 977 2416 sagina
1001 2376 1064 2407 LM
1156 2378 1219 2410 680
1243 2376 1373 2408 umoris
1399 2377 1446 2416 M,
1473 2377 1628 2410 humoris

84 2427 137 2466 11²,
154 2429 194 2459 ut
210 2427 315 2459 moris
332 2426 387 2460 GL
476 2426 587 2458 uomit
605 2426 795 2463 Bentleius,
813 2429 931 2458 uomet
946 2427 1017 2458 iam
1036 2426 1197 2468 Scaliger,
1215 2428 1309 2459 uolet
1324 2427 1405 2459 libri
1420 2440 1426 2459 :
1458 2429 1627 2470 scriptum

83 2477 200 2510 fuerat
227 2478 335 2510 uoluit
424 2478 534 2510 socias
551 2503 558 2510 .
579 2503 585 2510 .
606 2503 612 2510 .
631 2477 727 2509 dotes
757 2477 950 2515 BentleiuS,
978 2478 1073 2510 socia
1102 2478 1206 2518 (ΒΖΜ,
1236 2479 1354 2510 saucia
1383 2479 1451 2519 GL)
1470 2505 1476 2511 .
1497 2505 1503 2511 .
1524 2505 1531 2512 .
1550 2480 1628 2513 dote

83 2528 174 2567 libri,
190 2529 315 2562 sociam
332 2555 340 2562 .
359 2554 367 2562 .
387 2554 394 2562 .
412 2529 517 2561 dotem
534 2529 720 2561 Breiterus.
767 2532 906 2560 seruato
923 2529 1080 2560 ablatiuo
1097 2529 1248 2571 Scaliger
1263 2530 1415 2562 humores
1431 2532 1627 2572 scripserat,

86 2591 190 2622 quem
219 2580 388 2623 pluralem
418 2591 480 2612 nec
510 2580 674 2612 Manilius
703 2591 776 2617 nec,
808 2582 981 2621 quantum
1011 2580 1206 2618 obseruaui,
1237 2581 1329 2613 ullus
1361 2582 1471 2613 bonae
1501 2584 1629 2614 aetatis

86 2634 192 2673 poeta
220 2634 301 2673 post
331 2631 531 2663 Lucretium
557 2632 674 2673 posuit
700 2634 837 2672 praeter
864 2631 1027 2663 Ouidium
1055 2634 1136 2663 met.
1165 2641 1193 2664 Π
1219 2633 1283 2663 237
1376 2635 1437 2666 681
1463 2633 1629 2674 liquidam

85 2682 201 2715 tabem
229 2683 418 2720 Bentleius,
445 2682 591 2724 liquidas
618 2682 714 2714 tabes
741 2682 832 2714 libri.
879 2682 978 2713 tabes
1006 2682 1162 2721 resoluit,
1191 2694 1262 2715 non
1290 2683 1486 2721 resoluitur,
1516 2695 1628 2726 neque

86 2734 122 2765 in
149 2733 318 2766 medullas
340 2734 429 2772 fluit,
458 2734 518 2765 sed
544 2733 624 2765 illae
647 2734 683 2765 in
706 2733 847 2765 tabem:
890 2733 978 2766 Plin.
1004 2734 1074 2766 n.h.
1100 2743 1140 2765 IX
1167 2736 1229 2766 120
1257 2735 1341 2766 aceti
1358 2760 1364 2767 .
1384 2760 1391 2767 .
1412 2760 1418 2767 .
1437 2736 1516 2767 uis.
1537 2761 1544 2767 .
1565 2761 1571 2767 .
1591 2737 1629 2767 in

86 2785 191 2818 tabem
212 2785 410 2826 marqaritas
430 2784 576 2817 resoluit.
624 2785 685 2816 sed
705 2785 778 2816 sine
800 2795 905 2816 causa
927 2785 1104 2817 Bentleius
1127 2786 1271 2817 medulla
1292 2788 1450 2823 nouauit,
1473 2787 1533 2827 qui
1553 2788 1627 2828 ipse

87 2835 209 2869 attulit
223 2836 324 2869 Ouid.
339 2839 421 2869 met.
437 2845 502 2868 XIV
515 2837 575 2868 431
593 2846 643 2878 sq.
659 2839 771 2868 tenues
784 2836 962 2877 liquefacta
974 2836 1137 2869 medullas
1159 2835 1164 2880 Ι
1183 2837 1298 2869 tabuit.
1346 2840 1434 2879 puto
1446 2837 1627 2870 librarium
