1855 3088
182 116 262 153 156
480 115 540 155 Μ.
574 115 825 157 MANILII
857 116 1340 160 ASTRONOMICON
1372 119 1412 159 V

175 229 266 261 quae
289 220 410 254 Graeci
434 224 612 261 δοκιμάζειν
635 224 834 266 principalis
861 227 924 262 est,
953 226 1114 266 quamuis
1140 236 1231 264 raro,
1257 229 1376 258 tamen
1403 227 1528 269 optimi
1553 229 1712 259 auctores

176 275 378 313 posuerunt,
393 276 433 305 ut
447 273 514 306 Cic.
531 277 603 316 opt.
618 285 694 316 gen.
710 286 758 307 or.
777 277 812 307 11
831 276 874 307 ad
885 276 1054 316 picturam
1065 276 1273 317 probandam
1287 278 1483 310 adhibentur
1497 278 1598 310 etiam
1612 278 1714 310 inscii

170 321 324 364 faciendi
342 334 417 356 cum
437 325 551 365 aliqua
570 326 716 358 sollertia
735 326 921 365 iudicandi,
943 337 972 359 11
992 328 1085 360 Verr.
1109 337 1151 360 111
1172 329 1213 361 73
1233 332 1270 360 ut
1286 329 1438 370 probaret
1458 330 1635 371 Apronius
1655 329 1713 361 hoc

176 373 323 406 triticum
338 375 424 416 quod
439 376 470 407 ei
485 376 636 415 dabatur,
654 377 735 409 Luc.
755 387 822 409 vm
839 379 914 416 621,
933 379 1024 411 Petr.
1044 381 1085 411 70
1103 381 1132 412 3.

220 427 282 459 121
306 426 349 458 de
365 435 389 459 V
405 428 469 459 593
483 438 576 459 nunc
593 428 694 460 aliter
712 430 842 467 statui3
867 430 1044 462 substitue
1062 431 1170 472 igitur
1186 439 1224 462 1v
1242 432 1318 463 898.

222 478 372 510 122-291
391 479 438 520 (p.
461 479 515 519 17)
533 482 686 520 poetam,
704 480 809 512 modo
827 481 978 522 cogitate
995 481 1180 523 scripserit,
1199 482 1355 514 uersibus
1375 483 1524 515 124-291
1545 493 1586 515 ea
1603 482 1712 525 signa,

176 527 332 560 uersibus
350 529 481 561 312-62
499 540 557 562 eos
575 530 734 568 decanos,
754 531 910 563 uersibus
928 533 1059 564 444-97
1078 543 1135 565 eas
1154 536 1271 574 partes
1288 534 1470 566 natalicias
1487 534 1608 566 haberi
1626 533 1714 566 uelle

174 579 210 610 in
226 579 352 620 quibus
369 580 469 612 Luna
484 581 623 613 homine
640 586 804 614 nascente
821 583 991 615 collocata
1007 584 1064 621 sit,
1082 595 1152 616 non
1169 594 1258 625 quae
1275 588 1353 617 tum
1370 585 1612 627 horoscopent,
1630 585 1712 617 inde

172 629 260 662 effici
270 630 409 663 uidetur
419 632 514 673 quod
524 632 681 664 uersibus
692 634 756 666 503
769 644 818 675 sq.
828 645 908 676 pars
919 635 1151 677 horoscopans
1164 639 1347 677 tamquam
1358 647 1411 669 res
1422 647 1514 669 noua
1524 637 1712 669 inducitur.

221 683 285 715 123
308 682 477 724 scriptum
492 683 608 716 fuerat
623 684 763 716 stadiae.

220 735 284 766 133
306 733 383 774 quis
398 734 473 766 sine
489 744 512 766 v
528 736 593 767 280

218 786 283 818 134
305 784 395 817 adde
414 785 514 817 Ouid.
534 786 604 818 her.
625 795 690 819 XVI
708 788 750 819 79
767 797 817 828 sq.
838 791 992 829 tantaque
1009 789 1169 821 uincendi
1185 800 1267 822 cura
1284 793 1340 828 est,
1361 790 1550 832 inqentibus
1568 790 1684 823 ardent
1705 788 1710 832 Ι

174 834 340 868 iudicium
358 835 456 868 donis
474 836 652 870 sollicitare
671 848 791 874 meum,
812 839 893 871 Luc.
916 848 959 871 ΙΙΙ
981 841 1121 878 118-21,
1142 850 1210 872 vm
1232 842 1396 880 898-901,
1418 851 1443 874 x
1463 843 1528 874 427
1548 852 1599 884 sq.
1621 844 1714 874 tanta

173 889 220 918 est
229 886 361 928 fiducia
371 886 468 929 ferri,
491 886 496 932 Ι
515 899 583 920 non
598 899 738 930 rapuere
755 889 859 931 nefas.

219 940 283 972 137
307 938 408 970 Ouid.
426 939 496 971 her.
516 948 539 971 v
555 941 596 972 33
615 940 676 972 illa
691 940 761 972 dies
771 941 884 982 fatum
900 942 1039 974 miserae
1055 942 1140 974 mihi
1156 943 1251 975 dixit.

219 991 283 1022 14⁹7
306 989 437 1022 Colum.
457 999 496 1022 VI
514 991 534 1022 2
555 992 591 1023 11
613 991 775 1023 mollioris
791 993 919 1032 yeneris
937 993 993 1025 bos
1010 994 1069 1034 qui
1086 994 1247 1026 decumbit
1266 995 1303 1027 in
1321 995 1421 1028 sulco.

220 1042 283 1074 149
306 1041 396 1073 adde
413 1050 436 1073 v
452 1043 516 1074 350
533 1052 621 1084 sqq„
640 1043 699 1075 ubi
716 1043 908 1076 Centaurus
923 1055 987 1086 pro
1003 1045 1143 1077 homine
1159 1046 1224 1078 sub
1240 1057 1281 1078 eo
1297 1050 1382 1079 nato
1398 1048 1549 1089 ponitur.

219 1094 282 1126 159
309 1092 387 1124 Sen.
416 1092 491 1125 ben.
519 1102 548 1125 11
572 1095 615 1126 29
638 1096 658 1126 5
684 1095 859 1127 animum.
877 1096 1090 1128 ..sideribus
1115 1097 1319 1136 uelociorem,
1345 1108 1485 1139 quorum
1510 1101 1583 1139 post
1607 1097 1712 1130 multa

173 1143 306 1175 saecula
316 1143 451 1185 futuros
466 1155 584 1177 cursus
600 1145 769 1178 antecedit.

220 1196 284 1229 168
307 1195 409 1227 edict.
430 1195 591 1228 Antioch.
614 1196 718 1228 Pisid.
736 1197 772 1229 in
790 1198 1037 1231 Transactions
1059 1199 1095 1231 of
1113 1200 1173 1232 the
1189 1200 1303 1232 Amer.
1328 1201 1445 1243 philol.
1469 1212 1534 1233 ass.
1552 1212 1607 1233 an.
1628 1201 1712 1233 1924

174 1255 208 1287 p.
226 1247 244 1278 7
261 1245 324 1278 col.
341 1254 370 1278 11
386 1247 450 1279 6-9
462 1251 596 1288 propter
611 1247 730 1280 hiemis
745 1250 956 1290 asperitatem
970 1261 1141 1282 annonam
1150 1251 1316 1293 frumenti
1330 1253 1502 1291 exarsisse,
1518 1253 1610 1285 Tert.
1627 1251 1711 1284 cult.

173 1297 254 1329 fem.
273 1299 288 1329 1
307 1299 327 1330 9
340 1298 389 1330 sic
403 1301 432 1330 et
444 1299 555 1339 pretia
568 1299 663 1331 rebus
678 1299 906 1341 inflammauit
920 1305 956 1333 ut
969 1312 1003 1334 se
1016 1312 1141 1343 quoque
1155 1303 1348 1335 accenderet.

221 1351 284 1382 180
308 1349 351 1381 de
366 1349 424 1381 hos
439 1350 475 1381 in
491 1349 549 1382 hoc
564 1353 703 1383 mutato
718 1352 798 1384 uide
814 1360 828 1383 1
844 1353 904 1385 631
923 1363 1082 1394 quaeque
1097 1365 1188 1386 nunc
1204 1354 1253 1386 ibi
1268 1355 1446 1387 adnotaui.

219 1402 283 1434 184
306 1400 425 1433 similis
453 1401 628 1434 ablatiuus
656 1402 740 1434 Hor.
770 1404 870 1445 epist.
901 1413 929 1436 11
957 1405 977 1435 2
1006 1406 1047 1437 72
1070 1404 1211 1447 festinat
1238 1406 1368 1438 calidus
1395 1406 1497 1438 mulis
1524 1406 1710 1448 yerulisque

172 1451 364 1493 redemptor.

218 1506 281 1538 195
304 1506 344 1535 τὰ
363 1506 425 1543 τῆσ
448 1507 561 1546 ψυχῆσ
583 1506 710 1544 ὄμματα
737 1505 838 1538 Plato
858 1507 954 1549 soph.
979 1508 1079 1546 254A,
1101 1518 1206 1549 quem
1228 1508 1329 1541 multi
1351 1509 1480 1542 imitati
1501 1512 1594 1547 sunt,
1614 1508 1712 1542 uelut

172 1554 288 1587 Cicero
305 1558 392 1587 orat.
413 1557 471 1588 101
492 1556 611 1588 mentis
627 1557 741 1589 oculis.

219 1608 283 1640 200
307 1606 389 1639 Luc.
413 1616 451 1638 IV
472 1608 536 1640 203
558 1618 682 1640 comm.
707 1609 808 1641 Bern.
833 1609 841 1622 ‘
856 1609 961 1642 multa
982 1614 1101 1651 neyant
1117 1611 1124 1624 ’
1146 1622 1229 1652 quae
1250 1615 1343 1644 erant
1364 1612 1403 1644 in
1423 1612 1549 1650 scelere,
1571 1612 1636 1645 hoc
1657 1614 1711 1645 est

172 1657 349 1690 scelerata.

217 1711 282 1743 202
304 1709 581 1752 Wageningenus
610 1710 737 1743 Mnem.
771 1713 856 1744 1914
885 1723 919 1754 p.
953 1714 1015 1745 113
1045 1723 1102 1745 nec
1126 1713 1293 1755 fecundus
1322 1715 1383 1746 erit
1413 1714 1507 1756 (quid
1540 1714 1664 1746 mirum
1679 1714 1710 1754 Β)

176 1759 313 1801 Virqine
330 1764 460 1802 partus,
480 1762 575 1803 quod
594 1763 817 1804 participium
836 1763 936 1806 longe
956 1764 1050 1796 aliud
1070 1765 1261 1807 significare
1280 1766 1424 1799 solitum
1446 1766 1628 1798 Manilium
1646 1775 1709 1808 pro

171 1815 300 1844 creatus
315 1823 442 1854 ponere
457 1814 612 1855 potuisse
629 1814 785 1846 credidit.

216 1865 280 1897 220
303 1864 460 1896 ordinem
487 1865 673 1897 uerborum
701 1866 794 1907 cepit
821 1866 949 1908 Fayus,
979 1868 1076 1899 cuius
1104 1869 1277 1900 enarratio
1306 1869 1353 1900 sic
1381 1869 1600 1901 emendanda
1628 1870 1705 1901 est:

173 1914 181 1928 ‘
195 1914 311 1947 reddit
326 1918 460 1948 mentes
476 1915 680 1959 (ardentes)
696 1917 741 1949 ad
757 1928 910 1959 pugnam
927 1921 962 1950 et
978 1919 1024 1950 ad
1040 1922 1154 1951 castra
1170 1919 1344 1952 Mauortia
1359 1920 1378 1952 '.

216 1968 280 1999 221
304 1967 394 1998 uices
410 1977 473 2008 pro
488 1971 610 1999 mentes
627 1968 700 2000 cod.
719 1969 853 2000 Thuan.
872 1969 954 2001 Luc.
973 1978 996 2001 v
1013 1971 1086 2002 727.

215 2019 280 2052 228
302 2017 475 2056 Manilius,
491 2022 532 2051 ut
547 2019 593 2050 ad
607 2028 636 2051 11
651 2021 712 2052 831
731 2020 910 2058 adnotaui‚
925 2022 1087 2062 genetiuo
1102 2022 1137 2054 in
1153 2032 1191 2054 ae
1206 2023 1348 2054 exeunti
1363 2025 1409 2054 est
1423 2033 1494 2055 non
1509 2023 1646 2055 subicit.

215 2071 279 2103 230
302 2069 419 2111 Satyri
435 2070 500 2102 etsi
515 2070 608 2102 ferae
623 2081 693 2102 non
710 2074 802 2109 sunt,
821 2076 858 2104 at
875 2072 1003 2105 Graece
1019 2075 1115 2113 θῆρεσ
1129 2077 1222 2111 sunt,
1237 2077 1278 2106 ut
1286 2073 1355 2115 feri
1369 2073 1436 2106 dici
1450 2084 1550 2116 posse
1564 2074 1704 2106 uidean-

170 2122 228 2152 tur
242 2132 251 2158 ;
275 2120 336 2152 sed
351 2131 394 2153 ne
410 2121 458 2153 sic
474 2121 615 2162 quidem
631 2122 821 2164 probabilis
836 2122 877 2155 fit
894 2123 1012 2156 Iacobi
1028 2124 1158 2166 explica
1165 2125 1224 2156 tio.

215 2173 281 2205 232
304 2182 401 2212 equos
431 2172 475 2204 ad
498 2173 599 2214 frena
628 2173 744 2206 ducere
773 2174 858 2215 quid
888 2178 978 2207 esset
1007 2176 1146 2216 ignarus
1176 2176 1292 2217 Fayus
1322 2176 1575 2218 ignorationem
1605 2185 1705 2208 suam

169 2222 424 2264 wageningeno
444 2224 622 2265 impertiit.
670 2225 750 2257 uide
770 2225 858 2257 Stat.
881 2226 956 2258 silu.
979 2235 992 2258 Ι
1011 2228 1031 2257 2
1054 2228 1115 2259 142
1136 2227 1180 2259 ad
1196 2227 1297 2268 frena
1316 2228 1434 2259 citauit
1453 2228 1566 2265 olores,
1588 2228 1702 2260 Germ.

170 2273 295 2316 phaen.
319 2276 380 2307 157
401 2285 451 2316 sq.
472 2275 532 2307 sub
552 2276 632 2316 iuqa
650 2276 746 2308 duxit
767 2275 772 2320 Ι
791 2277 1030 2318 quadrupedes,
1050 2278 1126 2310 Val.
1148 2278 1198 2310 Fl.
1220 2288 1263 2310 111
1282 2280 1325 2310 24
1343 2279 1530 2311 redeuntem
1549 2279 1593 2311 ad
1605 2279 1706 2320 frena

170 2325 306 2358 leonem.

216 2378 280 2410 240
303 2377 560 2420 Wageningeno
586 2389 723 2411 summo
749 2379 980 2412 existimatori
1006 2380 1092 2421 quod
1121 2381 1128 2394 ⁶
1143 2384 1213 2413 wat
1241 2381 1369 2413 betreft
1396 2382 1459 2414 dat
1474 2381 1482 2395 '
1509 2381 1706 2424 pedestrem

170 2430 364 2460 orationem
389 2428 478 2461 olere
503 2430 618 2462 uisum
643 2434 706 2468 est,
734 2431 883 2472 Vergilio
908 2435 943 2464 et
970 2431 1094 2464 Ouidio
1119 2443 1189 2464 non
1214 2434 1310 2470 item,
1337 2443 1377 2464 ac
1402 2444 1445 2465 ne
1470 2433 1536 2475 ipsi
1565 2433 1707 2475 quidem

171 2479 427 2522 Wagem'ngeno
440 2491 542 2513 uersu
555 2481 656 2513 huius
669 2481 747 2514 libri
761 2483 813 2514 86.
861 2483 976 2515 nescio
988 2486 1107 2515 tamen
1120 2494 1165 2515 an
1178 2484 1232 2516 hic
1247 2484 1393 2516 causalis
1405 2485 1523 2526 potius
1535 2483 1707 2526 particula

170 2531 226 2563 sit.

216 2583 280 2616 243
302 2581 339 2614 Μ
363 2592 433 2614 11011
457 2585 564 2615 restat
587 2594 709 2615 uerum
733 2586 845 2617 rescat
869 2586 902 2626 (e
927 2595 1011 2617 corr.
1037 2596 1080 2617 ex
1102 2587 1129 2626 t)
1153 2586 1271 2624 habet,
1295 2589 1336 2618 ut
1357 2589 1449 2619 recte
1471 2586 1707 2619 Thielscherus

170 2632 288 2675 philol.
307 2642 438 2665 LXXXII
454 2645 486 2676 p.
508 2636 581 2672 171,
599 2636 659 2676 qui
680 2635 723 2667 de
744 2635 770 2667 L
790 2636 935 2674 fallitur,
959 2648 986 2668 ce
1007 2638 1099 2669 enim
1121 2648 1163 2669 ex
1184 2649 1205 2669 a
1226 2638 1309 2670 fecit
1329 2637 1370 2669 L²
1390 2638 1495 2679 idque
1515 2648 1579 2680 pro
1599 2648 1615 2669 e
1635 2647 1707 2670 esse

170 2684 293 2722 uoluit,
310 2688 351 2716 ut
366 2693 389 2716 v
406 2686 470 2717 646
485 2695 613 2723 comoes‚
631 2688 694 2718 663
711 2687 861 2724 trahcent,
878 2688 970 2719 alibi.

215 2737 280 2770 24¹7
302 2737 495 2778 terramque
529 2738 636 2769 etiam
671 2738 754 2770 Ven.
817 2740 947 2771 frustra
981 2743 1100 2772 autem
1135 2740 1411 2782 WVageningenus
1448 2740 1575 2772 collato
1611 2740 1703 2772 Pers.

170 2795 198 2818 11
222 2787 263 2818 66
285 2797 336 2828 sq.
360 2788 517 2829 strinqere
538 2798 643 2821 uenas
663 2788 668 2833 Ι
682 2790 847 2831 feruentis
868 2800 997 2823 massae
1018 2791 1118 2823 crudo
1139 2791 1178 2823 de
1196 2791 1336 2833 puluere
1357 2792 1408 2824 ita
1429 2791 1544 2824 locum
1565 2794 1704 2824 enarrat

171 2841 212 2870 ut
233 2841 317 2870 terra
337 2839 464 2871 crudus
484 2840 531 2872 sit
549 2839 664 2883 puluis
682 2841 756 2874 siue
775 2842 908 2876 scoria:
944 2853 1038 2881 nam,
1059 2846 1099 2875 ut
1119 2843 1191 2885 ipse
1212 2843 1367 2875 ostendit
1387 2843 1534 2881 Persius,
1555 2854 1644 2876 uena
1662 2852 1705 2875 ex
