1855 3088
555 111 1036 156 ASTRoNOMrooN
1063 80 1108 153 'v
1545 114 1597 151 67

230 225 336 281 regis
356 225 434 267 erit
453 225 648 280 magniue
667 224 784 266 ducis
804 239 877 279 per
896 224 1005 266 bella
1024 223 1214 265 minister

229 299 492 355 ingentisque
512 299 596 341 suis
615 298 850 353 praestabit
869 298 1028 340 uiribus
1047 312 1160 340 usus.

285 378 344 424 at,
366 387 462 415 cum
482 373 676 427 Cassiope
695 373 759 414 bis
779 373 896 414 denis
915 373 1108 427 partibus
1127 372 1233 413 actis

110 456 178 488 505
232 447 427 502 aequorei
445 447 608 488 iuuenis
627 447 777 488 dextra
797 447 849 488 de
868 452 989 501 parte
1008 446 1198 501 resurgit,

233 522 412 563 artifices
432 521 523 563 auri
541 521 680 571 faciet,
703 520 775 576 qui
794 520 906 561 mille
925 520 1067 575 figuris

234 601 396 637 uertere
415 610 520 650 opus
539 595 703 650 possint
722 609 925 650 caraeque
944 594 1163 650 adquirere
1183 595 1327 636 dotem

235 670 435 711 materiae
455 675 499 711 et
517 670 707 724 lapidum
726 669 847 710 uiuos
866 669 1038 710 miscere
1057 669 1226 710 colores.

235 744 332 785 hinc
351 743 543 798 Augusta
562 744 702 785 nitent
721 743 895 784 sacratis
913 757 1088 784 munera
1107 742 1288 798 templis,

114 826 179 857 511
236 832 363 860 aurea
382 818 586 859 Phoebeis
605 817 812 859 certantia
831 817 991 859 lumina
1010 817 1190 858 flammis

236 907 581 947 gemmarumque
599 892 752 933 umbra
769 892 984 933 radiantes
1002 891 1166 933 lucibus
1184 891 1312 946 ignes.

79 1029 150 1062 telis
178 1032 213 1061 et
241 1040 283 1061 ex
312 1028 477 1061 Gronouii
505 1029 746 1060 emendatione
775 1029 901 1060 iterum
929 1028 1020 1059 Man.
1051 1037 1075 1059 V
1103 1029 1144 1060 95
1174 1028 1331 1060 inmissos
1360 1028 1452 1069 iqnes
1543 1032 1607 1063 502

80 1080 233 1113 minister
257 1080 346 1111 Flor.
374 1083 409 1111 et
435 1080 547 1117 Bodl.,
572 1079 734 1120 magister
759 1079 850 1111 GLM
875 1079 949 1111 cod.
976 1079 1140 1116 Venetus,
1166 1081 1227 1120 qui
1251 1090 1344 1111 error
1367 1080 1457 1112 redit
1483 1082 1546 1112 620
1572 1084 1608 1112 et

80 1132 178 1173 Verg.
206 1141 317 1172 georg.
345 1140 389 1162 111
413 1132 478 1162 488
503 1134 539 1162 et
564 1131 716 1172 passim;
756 1131 836 1162 uide
861 1131 968 1162 etiam
993 1141 1083 1171 quae
1109 1130 1154 1161 ad
1179 1139 1207 1161 11
1233 1132 1293 1162 621
1323 1131 1452 1172 collegi.
1501 1132 1606 1163 Firm.

81 1191 149 1214 vm
174 1184 214 1214 16
237 1183 257 1213 2
287 1181 493 1213 ministros
519 1182 755 1222 imperatorum
778 1181 831 1213 uel
853 1181 1008 1213 satellites
1030 1192 1153 1221 reyum,
1178 1185 1206 1213 et
1229 1182 1347 1221 quibus
1368 1193 1448 1214 cura
1472 1182 1609 1223 imperii

80 1233 134 1265 uel
158 1244 325 1265 armorum
349 1233 499 1264 custodia
523 1233 682 1264 credatur.
731 1234 791 1274 qui
817 1233 893 1264 Ioui
918 1243 1014 1264 arma
1040 1233 1191 1274 suggerit
1215 1233 1364 1270 uolucer,
1392 1234 1419 1265 is
1444 1235 1531 1275 regis
1557 1236 1609 1266 sui

82 1286 244 1326 magister
270 1295 340 1316 non
367 1287 431 1321 est,
459 1295 580 1315 uerum
607 1284 774 1321 minister,
802 1283 973 1324 quidquid
1001 1284 1169 1315 Becherto
1197 1288 1232 1315 et
1259 1284 1465 1326 Rossbergio
1493 1285 1607 1317 Fleck.

82 1335 196 1368 annal.
228 1335 296 1367 uol.
330 1336 391 1366 147
422 1346 456 1376 p.
490 1336 552 1366 717
583 1335 722 1366 uidetur
814 1337 876 1368 503
906 1334 1035 1366 uiribus
1066 1334 1131 1373 GL,
1162 1334 1301 1366 urbibus
1331 1335 1367 1367 M
1459 1339 1610 1370 504-537

82 1397 162 1419 cum
187 1387 375 1418 uicensima
399 1386 543 1427 Aquarii
568 1389 668 1427 parte
694 1386 803 1417 oritur
829 1386 1000 1427 Cassiope,
1027 1387 1264 1417 consentiente
1290 1386 1332 1417 de
1357 1387 1454 1428 signo
1480 1388 1612 1420 zodiaci

84 1438 230 1470 Eudoxo
253 1437 359 1479 Hipp.
384 1446 412 1468 11
434 1438 454 1469 3
476 1439 507 1468 4.
555 1437 640 1468 facit
662 1447 703 1468 ea
725 1436 892 1473 aurifices,
915 1437 1131 1478 gemmarios,
1155 1438 1230 1468 auri
1252 1440 1287 1468 et
1309 1439 1443 1478 argenti
1464 1439 1611 1470 fossores

84 1492 334 1521 mercatoresue
426 1490 490 1521 504
509 1488 551 1519 de
571 1488 653 1519 actis
672 1488 751 1519 uide
771 1487 816 1519 ad
836 1497 873 1519 IV
892 1489 969 1525 475,
990 1488 1032 1519 de
1050 1487 1203 1528 partibus
1221 1512 1227 1519 .
1248 1512 1254 1519 .
1276 1513 1282 1519 .
1298 1493 1393 1528 parte
1413 1490 1458 1520 ad
1478 1499 1515 1521 rv
1535 1491 1611 1527 298,

84 1541 127 1572 de
150 1551 224 1572 cum
247 1539 396 1579 resuryit,
416 1538 518 1580 faciet
542 1539 587 1570 ad
611 1548 639 1570 11
662 1540 727 1570 256
751 1549 801 1580 sq.
896 1541 959 1572 505
983 1538 1119 1579 equorei
1142 1539 1179 1577 L,
1204 1548 1350 1580 aequore
1373 1540 1420 1578 M,
1445 1549 1611 1581 equoreae

85 1591 165 1623 GL2.
212 1591 292 1622 uide
324 1599 352 1621 11
384 1592 449 1622 558
541 1593 604 1623 507
635 1589 766 1631 possint
797 1589 862 1628 GL,
893 1591 1036 1631 possunt
1067 1589 1103 1621 M
1193 1599 1292 1622 carae
1325 1590 1484 1632 Scaliger,
1517 1592 1613 1624 carni

84 1643 184 1674 libri:
219 1642 387 1683 scriptum
407 1641 522 1673 fuerat
541 1651 649 1678 carne,
671 1641 795 1672 deinde
816 1644 927 1672 metro
948 1641 1144 1672 consultum
1165 1645 1228 1673 est.
1279 1642 1286 1654 ‘
1301 1643 1437 1682 ajouter
1456 1654 1520 1684 par
1540 1643 1614 1675 leur

85 1693 212 1726 travail
230 1703 278 1724 un
296 1703 456 1724 nouveau
474 1693 551 1733 prix
571 1691 591 1722 a
610 1703 648 1723 ce
666 1692 827 1733 precieux
846 1691 954 1723 metal
969 1692 976 1704 ’
996 1692 1183 1733 Pingraeus
1199 1705 1205 1724 :
1239 1693 1318 1724 uide
1337 1702 1380 1724 111
1398 1695 1441 1725 28
1459 1704 1509 1735 sq.
1531 1705 1613 1726 auro

87 1770 95 1777 .
115 1769 122 1776 .
142 1769 149 1776 .
167 1744 264 1776 decus
289 1743 417 1781 addere,
443 1754 518 1775 eum
543 1743 638 1774 rudis
663 1743 741 1783 ipsa
763 1741 767 1786 Ι
787 1743 937 1774 materies
963 1743 1075 1780 niteat,
1104 1743 1203 1775 Ouid.
1232 1747 1313 1775 met.
1342 1753 1370 1775 11
1395 1747 1415 1776 5
1441 1746 1615 1777 materiam

87 1796 297 1837 (argentum)
328 1794 505 1834 superabat
533 1805 629 1834 opus,
659 1794 746 1826 Plin.
776 1794 846 1825 n.h.
877 1803 1001 1825 xxxm
1028 1796 1048 1825 4
1076 1798 1152 1834 quot
1182 1795 1289 1826 modis
1319 1796 1477 1828 auximus
1505 1797 1615 1837 pretia

86 1847 223 1879 rerum!
241 1870 248 1877 .
268 1870 275 1877 .
296 1870 303 1877 .
321 1856 443 1877 aurum
465 1849 697 1885 aryentumque
720 1845 875 1877 caelando
898 1845 1010 1876 carius
1027 1845 1182 1886 fecimus,
1207 1846 1303 1878 Cens.
1329 1847 1371 1878 de
1395 1847 1427 1878 d.
1453 1851 1525 1879 nat.
1553 1849 1567 1880 l
1598 1850 1612 1879 1

87 1908 227 1930 munera
250 1907 289 1928 ex
311 1907 393 1928 auro
417 1896 470 1927 uel
493 1906 576 1936 quae
599 1907 638 1927 ex
661 1900 792 1936 arqento
816 1896 931 1933 nitent,
955 1896 1077 1927 caelato
1101 1907 1196 1936 opere
1220 1907 1287 1928 non
1310 1908 1493 1938 numquam
1516 1909 1616 1939 quam

88 1948 228 1981 materia
249 1948 378 1980 cariora
469 1949 532 1981 508
554 1947 718 1987 lapidum,
741 1957 967 1988 gemmarum,
990 1950 1031 1978 ut
1053 1947 1224 1979 intellexit
1247 1948 1444 1989 Pingraeus,
1468 1949 1617 1992 Scaliger

89 2001 181 2032 enim
204 1999 246 2031 de
269 2009 370 2040 opere
393 1998 569 2030 tessellato
592 1999 838 2039 interpretatus
862 2001 936 2029 erat
1028 2001 1090 2031 509
1113 1999 1266 2038 Auyusta
1287 1999 1404 2031 littera
1427 2001 1618 2033 maiuscula

89 2051 239 2092 Scaliger
259 2050 312 2082 ed.
338 2051 367 2087 1,
389 2053 504 2087 recte3
539 2053 732 2090 sequuntur
753 2050 844 2080 enim
866 2049 1031 2090 Pompeia
1058 2054 1285 2081 monumenta
1311 2051 1617 2094 significanturque

89 2113 181 2144 quae
199 2102 376 2143 Augustus
396 2100 534 2142 templis
554 2100 683 2137 intulit,
704 2100 798 2132 Suet.
820 2100 907 2141 Aug.
929 2101 971 2132 30
991 2101 1011 2131 2
1032 2100 1126 2131 aedes
1145 2111 1258 2132 sacras
1275 2125 1281 2132 .
1302 2125 1309 2132 .
1329 2126 1336 2133 .
1354 2102 1620 2142 opulentissimis

90 2153 188 2185 donis
212 2152 401 2189 adornauit,
428 2156 464 2183 ut
493 2152 552 2192 qui
582 2152 620 2183 in
644 2151 759 2183 cellam
785 2151 972 2192 Capitolini
999 2151 1096 2183 Iouis
1120 2152 1260 2183 sedecim
1284 2153 1382 2184 milia
1404 2154 1516 2194 pondo
1541 2154 1620 2186 auri

90 2214 296 2246 qemmasque
329 2213 368 2235 ac
401 2203 599 2243 marqaritas
633 2203 839 2243 quinqenties
873 2202 1057 2234 sestertium
1090 2213 1161 2234 una
1194 2203 1371 2235 donatione
1404 2205 1575 2237 contulerit

182 2257 245 2289 510
273 2258 353 2296 post
383 2257 446 2288 513
475 2255 612 2285 traiecit
641 2253 790 2295 Scaliger
818 2254 991 2285 sententia
1020 2257 1060 2285 ut
1090 2254 1139 2285 ait
1170 2254 1346 2286 Bentleius
1375 2257 1619 2298 praecipiente.

91 2306 250 2338 librarius
275 2306 319 2337 ab
343 2305 421 2337 hinc
445 2306 509 2337 509
533 2305 579 2336 ad
602 2305 679 2336 hinc
704 2306 767 2337 513
793 2304 952 2346 delapsus
977 2308 1052 2336 erat
1143 2307 1206 2338 512
1230 2305 1352 2337 umbra
1365 2306 1394 2343 *‚
1419 2306 1465 2338 ub
1489 2307 1535 2346 M,
1560 2306 1623 2339 uili

93 2356 132 2396 G,
150 2360 212 2389 aut
228 2357 293 2389 hoc
310 2360 372 2388 aut
388 2356 449 2388 iuli
464 2356 501 2388 L.
549 2356 645 2387 iubar
662 2355 851 2392 Bentleius,
868 2356 962 2397 quod
978 2359 1019 2387 ut
1034 2366 1095 2397 per
1111 2366 1146 2387 se
1162 2359 1254 2388 recte
1271 2357 1397 2389 dicitur
1414 2358 1507 2398 (uide
1524 2358 1619 2391 Seru.

93 2408 177 2440 Aen.
200 2417 238 2440 IV
260 2409 321 2440 130
342 2407 503 2448 quidquid
522 2407 670 2448 splendet
690 2407 787 2438 iubar
806 2407 938 2443 dicitur,
960 2410 995 2438 ut
1015 2407 1152 2446 arqenti,
1173 2410 1390 2448 qemmarum)
1411 2409 1462 2440 ita
1481 2410 1620 2441 inanem

93 2459 198 2492 efficit
223 2459 500 2501 appositionem:
540 2458 674 2490 accedit
699 2461 740 2489 ut
765 2457 894 2489 lucibus
920 2457 1041 2489 inutile
1067 2458 1123 2495 sit,
1150 2459 1215 2489 nisi
1241 2462 1304 2490 aut
1329 2460 1496 2501 epitheto,
1523 2460 1622 2492 uelut

94 2510 178 2548 suis,
197 2513 364 2551 augeatur
382 2513 444 2541 aut
462 2520 482 2541 a
500 2520 584 2541 uoce
602 2512 723 2541 contra
740 2509 865 2550 posita,
884 2508 1023 2550 qualem
1041 2509 1160 2546 adieci,
1179 2510 1252 2541 uim
1269 2511 1427 2552 accipiat.
1470 2512 1622 2543 umbram

95 2564 200 2603 poeta
227 2561 381 2603 appellat
408 2561 503 2601 quod
530 2560 661 2592 Plinius
690 2561 779 2592 circa
806 2570 979 2601 gemmam
1006 2571 1243 2601 repercussum
1271 2572 1361 2599 aera,
1390 2562 1460 2594 n.h.
1490 2571 1624 2594 xxxva

97 2614 138 2644 63
165 2612 365 2653 (smaragdi)
392 2622 407 2643 e
433 2611 610 2652 lonqinquo
636 2611 886 2652 amplificantur
910 2611 990 2641 uisu
1016 2611 1199 2651 inficientes
1224 2612 1312 2643 circa
1337 2623 1370 2644 se
1395 2623 1623 2653 repercussum

97 2673 185 2700 aera,
214 2673 281 2694 non
308 2663 373 2694 sole
400 2663 530 2699 mutati,
559 2673 627 2694 non
654 2662 781 2699 umbra,
810 2672 877 2693 non
905 2661 1059 2699 lucernis,
1087 2673 1276 2703 semperque
1302 2663 1427 2694 sensim
1454 2664 1624 2695 radiantes

97 2718 126 2746 et
142 2714 257 2746 uisum
273 2714 478 2745 admittentes
494 2726 501 2745 ε
533 2714 583 2745 ita
600 2713 760 2745 Sidonius
779 2723 882 2744 carm.
902 2721 942 2744 XI
959 2714 1001 2744 24
1016 2724 1077 2753 per
1093 2723 1176 2753 quas
1194 2713 1343 2754 (ualuas)
1363 2714 1487 2745 inclusi
1504 2715 1625 2746 lucem

99 2765 203 2798 uomit
227 2765 360 2797 umbra
387 2764 608 2804 smaraydi3
633 2764 722 2795 adde
738 2764 844 2795 etiam
860 2763 918 2796 Sil.
939 2773 992 2795 vn
1013 2765 1118 2796 143=5
1138 2774 1245 2805 aquae
1261 2765 1427 2805 splendor,
1446 2765 1627 2798 radiatus

100 2816 253 2858 lampade
269 2816 360 2854 solis,
384 2814 388 2858 1
408 2815 563 2847 dissultat
578 2825 639 2856 per
654 2818 744 2853 tecta,
757 2825 845 2856 παρα
860 2815 920 2847 sub
937 2815 1082 2856 imaqine
1097 2815 1236 2847 uibrans
1257 2814 1262 2859 Ι
1281 2816 1433 2854 luminis,
1449 2820 1477 2848 et
1493 2817 1631 2850 tremula
