1855 3088
160 112 214 152 22
750 109 812 152 Μ.
845 108 1096 152 MANILII

319 222 386 263 ille
405 227 556 276 potens
575 221 702 263 turba
721 222 970 276 perfundere
990 221 1180 262 membra
1199 221 1379 275 pilarum

319 311 393 351 per
411 302 636 351 totumque
655 310 786 351 uagas
805 310 956 350 corpus
976 296 1195 350 disponere
1214 296 1390 350 palmaS,

198 379 264 409 170
319 376 368 412 ut
387 376 533 412 teneat
552 376 696 412 tantos
716 370 836 411 orbes
857 370 1019 425 sibique
1038 371 1127 424 ipse
1146 370 1313 412 reludat

320 450 363 486 et
382 445 500 486 uelut
520 445 691 486 edoctos
710 444 856 486 iubeat
874 445 1052 486 uolitare
1072 459 1146 499 per
1164 445 1316 499 ipsum.

319 519 513 574 inuigilat
532 520 653 569 curis,
676 533 844 560 somnos
863 519 1071 560 industria
1091 519 1236 569 uincit,

320 594 408 635 otia
427 608 501 649 per
519 594 659 635 uarios
679 599 844 635 exercet
864 593 1003 634 dulcia
1022 593 1149 634 lusus.

157 711 241 742 quae
265 700 434 733 emiserint
459 701 544 732 ultro
569 701 684 732 uenire
710 701 748 732 in
773 711 895 732 manus
919 700 1032 733 credas
1058 704 1086 732 et
1111 711 1177 741 qua
1202 701 1356 732 iubentur
1381 699 1557 737 decurrere,
1584 698 1695 730 simile

156 754 194 784 in
220 763 342 794 parma
369 752 538 784 Martialis
564 761 604 784 IX
631 753 674 784 38
700 763 832 783 summa
858 752 942 789 licet,
970 752 1066 783 uelox
1091 751 1269 792 Aquthine,
1294 751 1446 792 pericula
1472 750 1580 788 ludas,
1603 749 1607 794 Ι
1627 760 1695 781 non

158 808 268 835 tamen
297 804 415 845 efficies
444 807 480 835 ut
509 804 570 835 tibi
597 814 718 844 parma
748 804 852 835 cadat.
877 803 1062 847 [nolentem
1091 804 1238 844 sequitur
1271 803 1442 843 tenuisque
1475 812 1607 833 reuersa
1634 811 1695 842 per

158 866 260 887 auras
282 855 286 899 Ι
305 856 359 887 uel
379 856 462 895 pede
485 855 538 887 uel
561 859 656 895 terqo,
682 856 772 887 crine
795 855 848 887 uel
871 865 981 896 unque
1003 855 1113 886 sedet.
1133 880 1140 886 .
1160 879 1167 886 .
1186 865 1315 886 securos
1336 854 1436 894 pueri
1458 854 1600 894 neqlecta
1620 863 1695 893 per—

159 907 304 938 ambulat
324 911 416 938 artus
434 931 440 938 .
460 932 466 938 .
487 931 494 938 .
513 911 581 938 arte
600 918 685 947 opus
705 911 750 938 est
770 910 805 938 ut
825 906 885 938 tibi
902 917 1024 947 parma
1043 906 1147 938 cadat.
1196 906 1349 947 pilarius,
1370 916 1519 946 quorum
1539 904 1695 936 omnium

159 959 470 990 eminentissimum
488 959 524 990 P.
544 959 681 990 Aelium
698 959 784 999 Aug.
804 958 862 990 lib.
882 958 1079 990 Secundum
1096 958 1257 989 Manilius
1274 957 1400 989 uidisse
1417 960 1544 998 potest,
1563 959 1696 997 septem

159 1010 247 1052 pilas
271 1021 341 1042 non
366 1010 526 1041 manibus
551 1013 692 1041 tantum
717 1010 777 1041 sed
801 1010 914 1051 capite
938 1010 1021 1041 ulna
1045 1020 1126 1041 sura
1149 1009 1236 1050 pede
1261 1009 1455 1040 succutiens
1479 1008 1697 1039 sustinensue

159 1063 195 1093 in
213 1062 330 1093 Maffei
348 1072 434 1092 mus.
454 1061 578 1093 Veron.
598 1072 630 1102 p.
652 1070 715 1093 CXI
732 1065 768 1092 et
786 1061 868 1093 Gori
885 1061 972 1092 thes.
993 1064 1062 1092 uet.
1082 1060 1237 1102 diptych.
1258 1069 1287 1091 11
1307 1060 1379 1091 tab.
1400 1068 1471 1091 XIII
1487 1058 1698 1100 conspicitur

251 1116 314 1146 168
327 1116 444 1153 potens
457 1112 667 1153 perfundere,
685 1113 773 1143 Enn.
792 1123 871 1143 ann.
890 1121 914 1143 X
931 1123 985 1153 ap.
1004 1112 1107 1143 Prisc.
1126 1112 1256 1143 G.L.K.
1274 1120 1304 1142 11
1318 1122 1350 1153 p.
1369 1112 1411 1143 30
1427 1111 1562 1143 delectos
1577 1110 1697 1141 bellum

160 1165 295 1196 tolerare
308 1167 465 1204 potentes,
484 1164 565 1195 Luc.
585 1173 624 1195 lx
645 1165 728 1195 1040
746 1174 795 1205 sq.
815 1174 883 1194 non
899 1162 995 1194 aliter
1012 1162 1191 1203 manifesta
1204 1166 1321 1203 potens
1338 1162 1532 1194 abscondere
1548 1160 1667 1192 mentis
1688 1159 1693 1204 Ι

161 1215 296 1256 gaudia,
323 1215 381 1247 Sil.
408 1223 448 1245 XI
471 1217 535 1247 595
560 1214 648 1246 ciuis
672 1225 811 1255 aequare
834 1218 960 1255 potens,
986 1215 1063 1246 Sen.
1089 1215 1166 1246 Tro.
1196 1215 1280 1246 1094
1304 1224 1354 1255 sq.
1381 1213 1530 1244 nondum
1551 1216 1668 1253 potens
1689 1211 1694 1255 ξ

161 1266 291 1299 saeuire
328 1266 431 1303 dente,
469 1266 616 1297 fortasse
654 1266 807 1297 eiusdem
845 1266 973 1297 Phaed.
1016 1267 1100 1297 1118
1189 1265 1337 1306 pilarum
1373 1265 1447 1303 LM,
1480 1263 1625 1306 pilatum
1658 1262 1697 1301 G,

163 1319 279 1350 Pontii
298 1317 530 1359 procuratoris
551 1317 700 1348 Iudaeae
721 1328 910 1359 cognomen
1003 1319 1065 1350 169
1084 1326 1191 1358 uagas
1212 1316 1285 1348 cod.
1307 1316 1412 1353 Flor.,
1432 1325 1541 1357 uagus
1561 1314 1653 1346 GLM

248 1380 310 1410 per
337 1373 439 1400 totum
465 1379 584 1409 corpus
612 1368 785 1409 disponere
810 1368 955 1409 palmas,
984 1369 1116 1400 efficere
1144 1371 1184 1399 ut
1213 1378 1331 1400 omnes
1359 1367 1520 1408 deinceps
1548 1366 1699 1407 corporis

162 1424 279 1463 partes
305 1420 502 1462 palmarum
529 1420 603 1451 uice
629 1420 727 1461 fungi
754 1420 949 1451 uideantur.
997 1419 1154 1451 similiter
1180 1419 1223 1450 de
1249 1419 1466 1460 pantomimo
1493 1418 1589 1449 anth.
1619 1417 1696 1449 Lat.

163 1473 254 1504 Ries.
287 1474 345 1503 111
377 1473 396 1503 9
423 1481 474 1512 sq.
504 1474 546 1502 tot
573 1471 708 1511 linquae
735 1474 810 1511 quot
838 1471 982 1502 membra
1009 1470 1093 1502 uiro.
1143 1470 1309 1502 mirabilis
1336 1480 1391 1501 ars
1418 1473 1464 1501 est
1485 1468 1489 1513 Ι
1508 1479 1591 1510 quae
1612 1467 1699 1509 facit

163 1523 319 1555 articulos
339 1533 392 1554 ore
411 1522 526 1554 silente
546 1522 637 1563 loqui
728 1525 792 1556 170
810 1524 926 1554 teneat
946 1522 1027 1561 GL2,
1046 1524 1187 1554 teneant
1206 1522 1269 1553 LM
1289 1521 1363 1553 cod.
1386 1522 1539 1553 Venetus
1628 1520 1699 1561 ipse

164 1575 253 1606 Flor.
276 1578 312 1606 et
335 1574 447 1611 Bodl.,
468 1573 542 1615 ipsa
563 1573 655 1605 GLM
676 1574 750 1605 cod.
775 1574 927 1605 Venetus
1018 1577 1147 1605 teneant
1168 1573 1352 1613 (membra)
1370 1597 1377 1604 .
1397 1597 1404 1604 .
1424 1597 1431 1603 .
1451 1571 1528 1612 ipsa
1548 1571 1700 1603 reludant

164 1627 265 1658 scribi
296 1629 395 1657 uetat
427 1635 545 1656 uersus
575 1625 758 1666 insequens
849 1628 956 1656 tantos
986 1625 1086 1661 orbes,
1122 1626 1198 1656 ‘tot
1228 1624 1339 1666 pilas’
1371 1623 1530 1665 Scaliger.
1578 1623 1628 1654 ita
1659 1626 1700 1654 ut

164 1678 303 1710 uidetur
326 1677 427 1718 Prop.
454 1685 491 1707 1v
518 1678 553 1707 ll
584 1678 623 1707 12
645 1675 789 1716 pigynora
812 1679 914 1713 tanta,
940 1680 1031 1707 certe
1056 1676 1136 1707 Luc.
1162 1685 1202 1707 IX
1226 1677 1267 1708 34
1291 1675 1418 1707 ratibus
1441 1674 1553 1711 tantis,
1579 1677 1701 1715 postea

164 1729 300 1771 saepius
315 1741 322 1760 z
353 1728 442 1759 adde
459 1728 559 1769 Prop.
578 1735 592 1757 1
607 1730 626 1759 5
646 1729 685 1759 10
701 1727 798 1759 milia
813 1731 948 1768 quanta,
967 1727 1042 1758 Val.
1060 1727 1111 1758 Fl.
1128 1736 1151 1758 v
1166 1728 1231 1759 273
1248 1726 1379 1767 maqnis
1395 1751 1402 1758 .
1422 1751 1429 1758 .
1449 1751 1456 1758 .
1476 1725 1611 1757 milibus

211 1783 272 1814 171
289 1779 424 1811 edoctos
441 1778 521 1817 GL2,
538 1779 664 1810 edictos
679 1779 742 1810 LM
835 1781 898 1812 172
913 1778 1002 1810 curis
1017 1788 1155 1810 somnos
1173 1778 1359 1815 Bentleffls,
1376 1777 1504 1809 somnis
1520 1776 1629 1817 (suuis
1650 1776 1700 1817 Μ)

164 1841 264 1864 curas
290 1831 378 1868 libri,
406 1834 446 1862 ut
474 1830 574 1862 Ouid.
600 1834 681 1861 met.
708 1838 777 1861 VIII
799 1831 862 1861 762
886 1830 1050 1870 sanquine
1075 1833 1181 1861 cortex
1205 1840 1267 1871 pro
1293 1829 1408 1861 cortice
1432 1828 1582 1868 sanquis,
1609 1828 1699 1859 trist.

166 1892 203 1915 IV
230 1885 244 1915 1
274 1884 336 1915 105
360 1881 511 1913 carmina
535 1885 664 1921 ternpus
687 1892 750 1923 pro
774 1885 920 1921 tempora
946 1891 1088 1918 carmen,
1114 1881 1191 1912 ciris
1218 1882 1282 1912 324
1314 1891 1363 1912 me
1389 1884 1447 1911 tua
1473 1891 1536 1921 pro
1562 1883 1591 1911 te
1617 1889 1700 1917 mea,

166 1935 224 1967 Sil.
251 1944 274 1965 x
301 1935 364 1965 653
390 1933 527 1964 duranti
551 1933 717 1963 mirarunt
741 1944 803 1974 pro
829 1932 968 1964 miranti
992 1932 1166 1970 durarunt,
1193 1932 1269 1964 Sen.
1297 1932 1377 1963 dial.
1404 1940 1442 1962 VI
1469 1933 1509 1963 18
1533 1932 1553 1962 2
1590 1931 1702 1962 uidere

166 1986 305 2017 micabis
326 1995 388 2026 pro
411 1984 532 2016 micare
554 1984 692 2015 uidebis.
742 1985 876 2016 confert
898 1984 1076 2016 Bentleius
1098 1984 1157 2016 Sil.
1181 1993 1205 2015 X
1228 1985 1291 2016 330
1319 1994 1369 2024 sq.
1393 1994 1485 2014 mens
1508 1982 1701 2022 inuiyilat

165 2037 275 2069 curis
308 2036 474 2076 noctisque
509 2035 648 2076 quietem
670 2034 674 2078 Ι
689 2034 777 2076 ferre
813 2035 925 2076 nequit
961 2039 996 2067 et
1034 2036 1134 2067 Ouid.
1173 2038 1254 2066 met.
1294 2043 1307 2065 1
1343 2036 1407 2066 685
1433 2037 1563 2075 puynat
1591 2033 1702 2065 molles

166 2088 350 2120 euincere
379 2097 550 2118 somnos.
599 2087 759 2127 inuiqilat
788 2086 915 2118 somnis
945 2098 1007 2128 pro
1038 2086 1158 2126 uiqilat
1188 2086 1226 2117 in
1255 2086 1382 2117 somnis
1412 2086 1576 2127 positum,
1607 2085 1702 2126 quod

165 2140 247 2171 ferri
272 2149 371 2181 posse
398 2142 503 2179 negat
530 2138 718 2176 Bentleius,
746 2139 831 2169 satis
858 2138 947 2169 tueri
974 2138 1136 2169 uidentur
1163 2138 1247 2169 Hor.
1275 2137 1375 2179 epod.
1406 2138 1442 2169 ll
1475 2138 1514 2168 15
1542 2136 1703 2167 inaestuet

168 2190 381 2231 praecordiis,
410 2189 468 2221 Sil.
498 2198 561 2220 XIV
588 2191 653 2221 436
685 2189 865 2221 instridens
892 2189 1020 2229 pelago,
1052 2189 1140 2221 Stat.
1170 2189 1276 2220 Theb.
1305 2197 1335 2219 11
1359 2190 1423 2220 377
1451 2188 1572 2227 intepet
1599 2187 1704 2228 hydra

169 2242 267 2273 uadis
282 2253 290 2278 3
318 2241 378 2272 sed
391 2251 489 2272 curas
503 2240 671 2272 industria
684 2240 791 2272 uincit
805 2241 855 2272 ita
869 2241 936 2272 dici
950 2241 1103 2281 potuisse
1117 2243 1157 2272 ut
1170 2240 1377 2271 industriam
1391 2239 1555 2271 sollicitos
1568 2239 1703 2270 labores

167 2303 328 2334 superare
351 2292 569 2333 significaret,
593 2292 687 2333 quod
710 2292 898 2333 aliquando
920 2292 1044 2333 putaui
1067 2293 1162 2332 (nam
1185 2291 1341 2323 Stoeberi
1362 2294 1398 2322 et
1420 2290 1577 2331 Pingraei
1599 2290 1703 2321 inter-

168 2344 380 2386 pretationes
401 2343 540 2384 ineptae
562 2346 654 2380 sunt,
678 2344 782 2374 ceteri
803 2343 888 2384 quid
909 2343 1077 2374 senserint
1098 2353 1168 2373 non
1189 2343 1362 2383 apparet),
1385 2345 1568 2383 propterea
1589 2342 1703 2372 minus

169 2394 330 2426 credibile
347 2397 399 2425 est
417 2394 499 2434 quia
517 2404 599 2425 cura
616 2398 652 2425 et
669 2394 840 2425 industria
857 2404 1053 2435 synonyma
1070 2396 1152 2425 sunt
1169 2396 1205 2424 et
1223 2393 1408 2424 coniuncta
1426 2392 1491 2424 Cic.
1512 2392 1594 2424 fam.
1614 2401 1628 2423 I
1646 2394 1664 2424 7
1683 2393 1703 2423 9

168 2450 204 2477 et
227 2446 320 2477 Suet.
345 2455 489 2486 gramm.
515 2446 553 2476 21
572 2457 579 2476 :
617 2445 696 2476 uide
719 2446 825 2477 etiam
850 2445 962 2476 Gratt.
989 2446 1026 2476 61
1053 2455 1211 2484 maynum
1233 2454 1318 2484 opus
1340 2447 1369 2474 et
1391 2443 1493 2484 tanyi,
1517 2443 1588 2474 nisi
1609 2453 1704 2475 cura

167 2496 366 2533 uincitur,
391 2496 502 2535 impar
592 2499 744 2527 ceterum
784 2496 1000 2537 uigilantiam
1041 2496 1171 2537 Lepore
1211 2496 1295 2526 ortis
1335 2495 1411 2526 ideo
1452 2495 1558 2526 tribui
1601 2495 1608 2507 ‘
1622 2495 1706 2535 quia

168 2549 300 2590 lepores
319 2547 447 2588 apertis
466 2547 573 2578 oculis
592 2547 740 2578 dormire
758 2548 871 2578 solent
886 2547 893 2560 ³
925 2547 1097 2578 intellexit
1116 2547 1265 2578 Huetius
1281 2559 1288 2578 :
1321 2547 1400 2578 uide
1418 2546 1491 2578 Ael.
1510 2557 1543 2578 n.
1564 2557 1595 2577 a.
1615 2554 1644 2577 Π
1664 2547 1703 2577 12

171 2600 466 2637 ἐκπεπετασμένοισ
484 2622 491 2629 .
511 2622 517 2629 .
538 2622 545 2628 .
564 2600 634 2629 τοῖσ
675 2600 856 2639 βλεφάροισ
899 2600 1054 2636 καθεύδει,
1100 2598 1187 2629 Xen.
1233 2608 1309 2638 eyn.
1350 2599 1370 2628 5
1418 2599 1453 2629 ll
1548 2596 1706 2637 inuiyilat

170 2653 206 2682 et
225 2652 344 2681 exercet
363 2660 433 2680 non
452 2649 544 2680 solus
563 2649 704 2690 pilarius
724 2649 784 2680 sed
803 2650 1013 2690 quicumque
1032 2648 1096 2680 sub
1116 2649 1180 2681 hoc
1200 2649 1309 2680 sidere
1328 2652 1432 2680 natus
1455 2651 1530 2680 est:
1563 2659 1606 2679 ne
1625 2658 1705 2679 cum

172 2701 329 2733 Bentleio
348 2700 517 2742 pluralem
536 2701 689 2741 requiras
708 2700 788 2731 uide
807 2700 852 2731 ad
872 2701 913 2731 64
1006 2703 1068 2734 173
1090 2701 1097 2713 ‘
1113 2701 1184 2731 otia
1203 2711 1266 2731 sua
1284 2710 1353 2732 non
1372 2710 1494 2731 somno
1512 2703 1548 2731 et
1566 2699 1705 2740 ignauia

171 2753 369 2793 transigunt
399 2751 459 2782 sed
489 2761 549 2792 per
579 2751 695 2783 dulces
725 2751 820 2782 lusus
849 2754 1010 2782 exercent
1026 2752 1033 2764 ’
1065 2751 1265 2789 Bentleius3
1309 2761 1390 2782 nam
1421 2751 1465 2782 ad
1495 2751 1704 2792 superiorem

173 2814 310 2835 uersum
337 2803 519 2845 respicitur
609 2802 703 2834 lusus
730 2802 827 2834 uelut
854 2802 1138 2840 latrunculorum,
1167 2813 1249 2834 nam
1277 2803 1361 2834 haec
1389 2812 1528 2843 quoque
1554 2802 1706 2833 illustrat
