1855 3088
563 140 1045 184 ASTRONOMICON
1076 142 1116 183 V
1549 145 1603 184 79

236 252 487 307 supplicium
505 252 687 307 uectigal
707 253 798 303 erit,
821 252 893 308 qui
912 253 1092 309 denique
1111 258 1255 309 posset

235 327 490 381 pendentem
509 341 531 367 e
550 327 731 381 scopulis
750 327 887 381 ipsam
906 333 1096 382 spectare
1114 328 1312 382 puellam,

236 400 477 442 uinctorum
496 400 691 442 dominus
711 401 929 456 sociusque
949 402 992 443 in
1011 407 1132 457 parte
1151 408 1326 444 catenae

115 481 183 514 630
237 474 462 525 interdum,
483 475 628 529 poenis
648 480 698 516 ut
716 475 843 517 noxia
863 490 1037 530 corpora
1057 482 1208 518 seruet.

290 549 479 590 Piscibus
499 549 655 591 exortis
675 564 772 591 cum
790 564 888 604 pars
907 550 1106 591 uicesima
1125 551 1261 605 prima.

237 623 421 678 signabit
440 628 575 665 terrae
594 624 722 665 limen
741 624 919 678 fulgebit
938 629 982 666 et
1001 624 1104 674 orbi,

237 697 372 738 aerius
391 702 587 739 nascetur
606 698 718 739 Ecus
737 698 935 754 caeloque
954 699 1130 749 uolabit,

237 771 473 826 uelocisque
493 772 614 814 dabit
633 772 711 814 sub
731 772 808 814 tali
826 777 1016 827 tempore
1035 778 1183 828 partus

78 897 173 929 dedit
195 898 390 939 interrupto
413 900 533 930 tenore
556 899 721 930 orationis
811 909 921 931 secure
944 910 1063 931 ueram
1086 899 1233 932 ablatiui
1255 900 1405 932 formam
1428 910 1501 932 esse
1527 911 1607 933 con·

79 948 195 980 firmat
213 948 416 980 Consentius
435 948 565 981 G.L.K.
585 958 608 981 v
626 960 658 991 p.
679 951 743 982 355
763 951 803 981 14
820 950 1034 992 praebetque
1052 951 1126 982 cod.
1146 952 1407 992 antiquissimus
1426 952 1608 984 Bernensis

82 1000 180 1032 Ouid.
204 1003 285 1031 met.
310 1009 339 1031 11
360 1001 426 1037 28;
462 1011 502 1032 ea
524 1001 716 1038 Manilium,
740 1002 800 1042 qui
822 1003 928 1033 etiam
947 1002 1040 1042 parti
1061 1002 1126 1033 sibi
1148 1013 1274 1044 ponere
1295 1002 1395 1035 licere
1418 1003 1608 1035 arbitratus

79 1054 142 1088 est,
161 1061 262 1082 usum
280 1061 352 1082 esse
370 1062 440 1083 non
459 1052 560 1083 credo
578 1052 638 1083 sed
656 1055 748 1084 recte
767 1052 856 1084 Flor.
877 1056 912 1084 et
931 1053 1031 1084 Bodl.
1050 1054 1158 1085 securi
1175 1054 1295 1085 fecisse
1387 1056 1450 1087 627
1468 1054 1608 1095 denique

79 1103 115 1134 in
136 1102 244 1133 altero
265 1112 308 1133 ex
330 1102 465 1134 duobus
488 1103 650 1134 membris
673 1106 713 1135 ut
734 1103 808 1135 Liu.
833 1113 870 1135 1v
892 1105 934 1135 56
959 1105 995 1135 ll
1088 1107 1202 1145 posset
1223 1104 1288 1144 GL,
1310 1114 1409 1146 posse
1433 1105 1480 1144 M,
1503 1105 1610 1147 possit

80 1153 131 1184 L2.
175 1157 294 1193 posset,
323 1154 351 1184 si
378 1154 568 1190 adfuisset;
607 1155 757 1195 puellam
783 1156 875 1186 enim
901 1155 1149 1187 Andromedan
1175 1167 1247 1188 esse
1276 1157 1469 1188 Breiterum
1496 1157 1609 1188 solum

77 1204 198 1236 fefellit
289 1206 352 1237 628
375 1213 392 1236 e
415 1204 454 1242 G,
480 1207 513 1236 et
534 1205 608 1242 LM,
633 1206 694 1237 sed
719 1206 808 1237 male
833 1206 1077 1248 disiunguntur
1099 1211 1127 1238 et
1150 1207 1280 1247 ipsam;
1317 1208 1359 1239 de
1382 1208 1508 1239 mendo
1530 1208 1610 1240 uide

79 1264 107 1286 11
122 1256 195 1292 182,
212 1256 287 1292 641,
302 1264 340 1286 IV
353 1257 430 1293 467,
446 1257 521 1293 634,
537 1258 612 1293 808,
627 1265 650 1287 V
667 1258 739 1288 131.
788 1267 826 1288 ex
839 1258 1073 1289 coniecturam
1088 1258 1271 1290 crudeliter
1286 1258 1405 1290 Ellisio
1418 1260 1609 1301 praeripuit

80 1307 252 1338 Breiterus
269 1306 381 1338 Fleck.
400 1307 515 1338 annal.
535 1307 603 1338 uol.
625 1309 686 1340 139
703 1319 736 1349 p.
756 1309 818 1339 862
835 1320 843 1345 ;
874 1309 916 1340 de
932 1309 1044 1340 forma
1060 1310 1325 1350 praepositionis
1341 1310 1421 1342 uide
1438 1310 1483 1342 ad
1499 1319 1527 1341 11
1545 1311 1605 1342 641

79 1358 248 1389 adnotata
339 1360 403 1391 629
432 1359 491 1399 qui
521 1359 768 1390 custodiendus
797 1363 872 1391 erat
901 1360 1077 1392 interdum
1105 1361 1151 1392 ad
1180 1361 1360 1393 custodem
1389 1361 1608 1402 alligabatur.

80 1409 171 1441 hunc
187 1409 301 1440 locum
318 1409 453 1450 Lipsius
470 1420 549 1441 cum
566 1410 642 1442 Sen.
662 1421 714 1452 ep.
733 1412 752 1442 5
771 1412 789 1442 7
807 1410 919 1442 eadem
934 1415 1049 1443 catena
1065 1415 1094 1443 ei
1109 1412 1293 1444 custodiam
1310 1414 1403 1453 (eum
1419 1414 1480 1454 qui
1497 1416 1610 1444 custo-

81 1461 188 1500 ditur)
211 1464 239 1492 et
260 1461 399 1492 militem
420 1461 553 1501 copulat
574 1463 792 1503 composuit:
828 1462 927 1503 plura
949 1464 1120 1504 congessit
1141 1464 1233 1495 idem
1254 1465 1290 1495 in
1313 1474 1436 1496 comm.
1459 1464 1505 1496 ad
1526 1465 1608 1496 Tac.

79 1523 158 1544 ann.
177 1521 220 1543 111
237 1513 278 1543 22
371 1514 435 1546 630
452 1515 491 1544 ut
505 1513 609 1544 noxia
618 1513 647 1551 *,
663 1513 804 1545 innoxia
821 1513 901 1552 GL2,
918 1514 1020 1546 noxia
1037 1514 1100 1546 LM
1189 1517 1302 1547 seruet
1318 1515 1364 1554 M,
1381 1518 1496 1547 seruat
1511 1515 1566 1547 GL

167 1564 302 1594 mutaui
323 1564 648 1605 interpunctionem.
697 1575 802 1605 quem
823 1565 927 1606 uulgo
948 1565 1114 1597 exhibent
1135 1577 1284 1603 uersum,
1307 1566 1473 1598 interdum
1491 1567 1611 1607 poenis

80 1614 219 1646 innoxia
241 1625 378 1654 corpora
401 1618 522 1652 seruat,
542 1615 673 1646 alienus
696 1619 749 1647 est
770 1619 806 1647 et
823 1617 1036 1648 extrinsecus
1054 1618 1246 1648 sententiae
1264 1618 1420 1649 adiectus
1436 1630 1443 1649 :
1476 1619 1609 1649 innoxi-

80 1676 178 1698 orum
194 1669 312 1697 autem
328 1676 486 1707 peruerse
502 1668 642 1698 inicitur
658 1668 799 1704 mentio,
817 1669 916 1708 quasi
938 1668 1051 1700 adhuc
1068 1669 1111 1700 de
1130 1668 1210 1700 solis
1230 1670 1342 1701 noxiis
1361 1680 1473 1701 sermo
1492 1670 1608 1701 fuerit.

79 1717 223 1749 intentus
238 1718 356 1757 poenis
374 1717 454 1749 dum
472 1718 574 1749 noxia
591 1729 728 1759 corpora
745 1722 855 1750 seruat
873 1719 1032 1756 Iacobus,
1052 1720 1112 1761 qui
1130 1720 1222 1752 solus
1241 1721 1379 1752 uidetur
1398 1722 1566 1762 cogitasse

167 1771 319 1802 631-644
342 1779 421 1800 cum
445 1770 608 1801 uicesima
631 1771 743 1811 prima
768 1770 918 1802 Piscium
942 1774 1041 1812 parte
1065 1772 1175 1803 oritur
1198 1772 1343 1813 Equus;
1380 1775 1418 1804 at
1442 1772 1611 1804 Firmicus

79 1828 147 1851 vm
169 1821 208 1851 17
231 1821 250 1852 3
273 1820 311 1851 in
332 1820 485 1851 Piscium
504 1824 598 1860 parte
614 1826 688 1858 ΧΧ,
707 1822 803 1853 cuius
826 1822 1078 1863 discrepantiae
1099 1822 1273 1854 tollendae
1295 1834 1400 1854 causa
1422 1824 1613 1855 Bechertus

79 1870 188 1902 altero
223 1869 299 1902 loco
335 1880 413 1902 cum
442 1881 525 1911 pars
558 1871 720 1902 uicesima
751 1872 902 1911 primum
923 1870 927 1914 Ι
947 1872 1102 1912 siqnabit,
1138 1872 1343 1905 Skutschius
1376 1873 1486 1906 altero
1526 1879 1611 1906 XXI

79 1922 234 1954 coniecit.
283 1922 429 1953 eandem
460 1933 566 1963 quam
598 1922 761 1954 Manilius
793 1923 943 1955 Piscium
975 1927 1112 1964 partem
1143 1924 1180 1955 in
1210 1928 1312 1956 tanta
1341 1926 1468 1957 aetatis
1499 1925 1611 1957 diuer-

78 1974 182 2005 sitate
205 1977 464 2010 commemorat,
489 1974 585 2005 cuius
608 1974 653 2005 ad
679 1975 740 2006 197
764 1985 843 2006 cum
865 1985 906 2006 eo
929 1985 1134 2006 consensum
1156 1976 1290 2012 notaui,
1314 1976 1507 2017 astrologus
1530 1977 1613 2008 anni

79 2026 143 2057 379
163 2025 201 2056 in
222 2024 384 2056 C.C.A.G.
409 2034 431 2055 v
452 2025 463 2056 i
484 2036 517 2066 p.
541 2026 602 2056 201
628 2026 670 2056 26
692 2036 742 2066 sq.
767 2029 802 2057 et
824 2025 944 2058 multis
966 2030 1046 2067 post
1067 2027 1212 2058 saeculis
1234 2027 1323 2058 alter
1343 2027 1389 2059 ib.
1413 2038 1446 2069 p.
1469 2029 1534 2060 223
1556 2030 1611 2066 21,

79 2076 121 2107 de
141 2076 295 2108 Piscibus
315 2076 536 2108 consentiunt
555 2077 684 2108 Teucer
704 2076 794 2108 Boll.
813 2078 948 2119 sphaer.
970 2088 1002 2119 p.
1025 2079 1063 2109 51
1086 2079 1140 2115 26,
1161 2078 1354 2110 Antiochus
1373 2078 1418 2110 ib.
1440 2090 1473 2121 p.
1495 2081 1538 2111 58
1557 2080 1612 2116 34,

79 2127 154 2160 cod.
178 2127 318 2159 Baroce.
341 2139 374 2169 p.
397 2129 462 2159 466
485 2129 504 2159 9
594 2129 680 2160 facit
702 2128 822 2169 Equus
843 2128 989 2165 ueloces‚
1012 2129 1157 2170 equites,
1180 2140 1345 2167 cursores,
1367 2130 1612 2172 speculatores.

79 2178 314 2210 ueterinariOS.
361 2179 490 2210 Teucer
518 2178 608 2211 Boll.
636 2180 772 2221 sphaer.
797 2190 830 2220 p.
855 2181 898 2211 42
924 2181 1009 2211 15-8
1035 2183 1071 2212 τὸ
1097 2183 1194 2221 μέροσ
1220 2184 1276 2213 τοῦ
1303 2184 1463 2222 Πηγάσου
1489 2182 1614 2222 (Arieti

81 2233 336 2272 παρανατέλλον)
377 2233 593 2271 βερεδαρίουσ,
634 2233 845 2271 ἱπποκόμουσ,
887 2233 1069 2270 ἀπελάτασ,
1110 2235 1360 2273 καβαλλαρίουσ,
1403 2235 1567 2272 ὁνηλάτασ

169 2283 231 2314 631
256 2281 413 2313 Piscibus
437 2282 591 2318 datiuus,
613 2286 654 2314 ut
680 2282 742 2314 197
767 2282 895 2314 Cancro
987 2284 1052 2316 632
1074 2282 1223 2324 signabit
1248 2283 1440 2321 Bentleius,
1464 2284 1615 2325 signauit

80 2331 126 2371 M,
146 2332 305 2373 signauto
325 2332 361 2370 L,
382 2332 517 2373 signato
537 2332 606 2364 GL2
695 2333 801 2365 limen
821 2333 894 2372 LM,
915 2333 1033 2365 lumen
1053 2333 1123 2365 GL²
1211 2334 1356 2374 siynabit
1376 2339 1479 2367 terrae
1498 2335 1612 2373 limen,

78 2383 239 2424 insigniet
259 2384 475 2416 horizontem
495 2384 624 2416 lumine
645 2394 708 2416 suo
797 2384 879 2421 orbi,
900 2386 1013 2422 terris,
1034 2389 1074 2417 ut
1095 2393 1109 2416 1
1129 2386 1193 2417 383
1214 2390 1250 2418 et
1268 2385 1353 2418 locis
1373 2386 1421 2418 ibi
1441 2386 1569 2419 adlatis

169 2437 233 2468 633
258 2444 336 2466 ecus
362 2434 409 2473 M,
436 2444 542 2476 equus
568 2435 633 2474 GL,
660 2446 727 2472 aes,
753 2446 797 2471 es,
824 2445 897 2466 aces
922 2435 1062 2467 Firmici
1088 2437 1223 2468 codices
1311 2438 1435 2475 aerius,
1461 2437 1613 2475 uolucer,

80 2489 119 2518 ut
139 2487 204 2518 368
223 2489 258 2518 et
278 2486 353 2518 Val.
374 2485 427 2517 Fl.
447 2495 460 2517 Ι
479 2487 522 2517 617
540 2496 592 2527 sq.
613 2486 699 2518 aerii
714 2486 888 2526 plantaria
905 2510 912 2518 .
932 2511 939 2518 .
959 2511 966 2518 .
985 2487 1132 2524 Perseos,
1152 2498 1222 2519 non
1242 2489 1427 2526 aetherius,
1447 2490 1508 2530 qui
1526 2488 1615 2530 Fayi

80 2540 117 2568 et
132 2537 290 2578 Pingraei
306 2547 399 2569 error
415 2541 479 2575 est,
497 2538 617 2569 similis
634 2542 754 2570 autem
769 2538 923 2569 thesauri
939 2537 1021 2579 ling.
1040 2537 1117 2570 Lat.
1137 2546 1151 2569 1
1164 2550 1198 2580 p.
1223 2540 1307 2571 1062
1329 2541 1371 2572 84
1462 2542 1527 2573 634
1545 2541 1613 2573 huc

80 2588 148 2620 huc
177 2588 246 2620 cito
275 2589 457 2620 conuenite
486 2592 663 2630 quotquot
692 2589 820 2630 ubique
849 2589 932 2620 estis
962 2589 1069 2621 Cortii
1095 2590 1290 2632 Marxiique
1316 2601 1379 2622 nec
1407 2594 1549 2633 poetam
1578 2602 1614 2623 se

78 2638 225 2670 liberum
249 2639 425 2671 hominem
449 2640 709 2672 existimantem
733 2644 769 2671 et
793 2651 895 2671 uersu
921 2641 984 2672 699
1008 2640 1071 2672 tali
1092 2642 1152 2672 sub
1177 2645 1329 2682 tempore,
1355 2642 1410 2673 hic
1434 2653 1516 2674 uero
1540 2643 1613 2674 sine

80 2690 284 2722 necessitate
304 2691 447 2722 metrica
465 2691 524 2722 sub
545 2691 606 2722 tali
624 2691 796 2722 dicentem
816 2691 987 2728 tuleritis;
1020 2693 1223 2733 praesertim
1243 2703 1321 2725 cum
1338 2693 1438 2725 illum
1458 2694 1614 2726 ordinem

81 2741 208 2782 passim
231 2746 369 2773 secutus
391 2742 447 2778 sit,
471 2742 532 2773 tali
552 2742 612 2773 sub
635 2753 780 2779 munere,
803 2742 865 2774 tali
884 2743 945 2774 sub
967 2743 1043 2783 leqe,
1067 2744 1129 2775 tali
1149 2744 1187 2775 de
1208 2744 1325 2782 sidere,
1347 2749 1433 2776 certa
1454 2745 1514 2776 sub
1536 2744 1613 2785 leqe,

80 2796 166 2824 certa
188 2793 248 2825 sub
272 2797 366 2830 sorte,
390 2803 482 2824 sacro
506 2794 566 2825 sub
590 2793 736 2830 nomine,
758 2794 869 2833 primo
893 2794 953 2826 sub
977 2795 1124 2832 cardine,
1149 2796 1261 2827 iuncto
1284 2797 1344 2828 sub
1367 2796 1470 2836 pisce,
1496 2796 1616 2827 mundi

82 2843 142 2875 sub
163 2844 239 2884 leqe,
261 2844 396 2885 linquae
416 2844 476 2876 sub
491 2845 586 2886 flore,
609 2849 671 2877 toto
693 2845 731 2877 de
751 2854 895 2886 corpore,
917 2856 1045 2878 summo
1066 2846 1106 2879 de
1126 2846 1257 2884 uertice,
1276 2846 1388 2888 primo
1409 2847 1448 2880 de
1468 2847 1614 2884 cardine,
