1855 3088
571 137 1055 181 ASTRONOMICON
1085 139 1126 181 V
1559 143 1613 182 53

123 258 192 289 405
246 250 319 291 uix
339 249 563 305 quisquam
582 254 646 291 est
665 250 861 305 locuples.
919 255 1117 292 oneratur
1136 255 1248 292 terra
1267 251 1490 306 profundo.

247 324 323 365 tali
341 328 453 365 sorte
472 338 569 365 suas
589 329 700 365 artes
719 339 793 379 per
812 325 936 366 litora
955 330 1127 375 tractat,

247 403 323 439 aut
342 397 444 439 emit
464 403 658 440 externos
677 398 813 453 pretio
832 404 1058 454 mutatque
1077 399 1240 441 labores

247 471 415 513 institor
434 486 665 527 aequoreae
683 472 802 514 uaria
821 473 899 514 sub
919 473 1100 528 imagine
1119 468 1280 514 mercis.

301 560 480 601 cumque
499 546 615 588 Fidis
633 561 787 601 magno
807 547 1038 589 succedunt
1057 547 1193 589 sidera
1212 548 1372 589 mundo

86 693 238 725 uidemus
258 692 342 725 alios
361 697 502 725 oratores
523 693 644 725 inertia
663 693 751 725 nihil
773 694 957 735 scripsisse,
980 694 1069 727 Cael.
1092 694 1158 727 Cic.
1181 695 1264 727 fam.
1290 704 1358 726 VIII
1382 696 1402 727 8
1425 697 1446 726 4
1469 699 1616 736 expecta-

87 745 174 777 tione
194 744 381 776 Galliarum
399 749 509 777 actum
528 745 616 777 nihil
635 749 691 783 est,
713 746 826 777 Plaut.
849 749 940 787 capt.
964 747 1028 778 808
1047 757 1189 786 quarum
1209 746 1304 777 odore
1321 747 1499 786 praeterire
1519 758 1614 778 nemo

85 795 269 836 pistrinum
281 799 394 836 potest.
443 796 563 828 eadem
579 797 751 828 sententia
766 797 907 828 Tacitus
922 808 1001 828 ann.
1018 806 1061 828 III
1076 798 1117 829 53
1134 799 1153 828 5
1169 797 1322 837 lapidum
1337 808 1439 829 causa
1451 798 1615 838 pecuniae

87 850 216 878 nostrae
240 846 283 878 ad
308 851 456 878 externas
481 851 539 879 aut
564 847 693 879 hostilis
718 851 825 888 qentes
851 848 1106 888 transferuntur,
1135 848 1221 879 Plin.
1249 849 1318 880 n.h.
1348 858 1403 880 XII
1429 850 1471 880 84
1496 860 1613 881 uerum

88 897 233 930 Arabiae
255 898 437 929 etiamnum
453 897 590 939 felicius
613 909 703 930 mare
727 903 782 930 est.
831 909 870 930 ex
894 899 951 930 illo
976 910 1118 939 namque
1140 900 1339 939 marqaritas
1360 900 1469 931 mittit.
1517 901 1618 932 mini-

88 959 203 989 maque
234 949 476 989 computatione
509 949 642 981 miliens
674 953 810 981 centena
843 950 940 981 milia
971 950 1156 981 sestertium
1189 951 1290 981 annis
1323 951 1477 982 omnibus
1512 951 1618 983 India

87 1003 116 1031 et
131 999 224 1031 Seres
239 1003 267 1031 et
279 1000 484 1040 paeninsula
500 1000 560 1032 illa
575 1000 715 1041 imperio
732 1005 840 1032 nostro
856 1001 1019 1032 adimunt.
1069 1002 1154 1032 tanti
1169 1001 1263 1032 nobis
1279 1001 1415 1033 deliciae
1431 1006 1459 1033 et
1469 1001 1619 1043 feminae

87 1054 246 1083 constant.
294 1050 452 1083 Salmasii
472 1051 574 1083 lectio
594 1052 769 1093 quomodo
791 1053 991 1093 accipienda
1011 1054 1057 1084 sit
1076 1063 1146 1084 non
1168 1054 1282 1084 minus
1303 1053 1491 1094 ambigitur
1511 1064 1618 1094 quam

89 1103 117 1133 si
149 1101 338 1133 scribarum
371 1102 497 1133 menda
530 1106 628 1134 esset.
677 1103 750 1144 ipse
782 1103 923 1144 quidem
956 1104 1007 1134 ita
1039 1107 1190 1140 enarrat,
1227 1104 1400 1135 ‘conchae
1418 1129 1425 1135 .
1445 1115 1621 1136 ..census

89 1155 242 1194 aequant
258 1155 294 1184 et
309 1152 477 1194 lapidum,
495 1154 556 1194 qui
573 1154 608 1185 in
625 1154 677 1185 his
696 1155 834 1185 conchis
851 1155 1087 1191 inueniuntur,
1106 1156 1254 1186 nitorem
1267 1155 1287 1192 ³,
1307 1156 1481 1186 sententia
1502 1159 1621 1197 aperte

89 1203 176 1235 falsa
205 1214 381 1246 praueque
411 1204 582 1246 copulatis
612 1205 770 1236 censibus
801 1209 836 1236 et
866 1205 1051 1246 lapidibus,
1083 1207 1144 1246 qui
1175 1206 1306 1247 lapides
1335 1207 1489 1238 Breitero
1516 1208 1620 1239 inter-

89 1258 186 1296 prete
214 1256 255 1295 (is
283 1256 374 1286 enim
401 1259 494 1287 recte
520 1255 660 1287 conchas
687 1256 860 1287 intellexit:
888 1258 1107 1297 margaritas)
1136 1268 1292 1298 gemmae
1321 1261 1403 1289 sunt
1431 1262 1620 1296 terrestres,

89 1316 160 1337 non
188 1306 301 1337 minus
330 1307 446 1348 inepte
476 1317 555 1338 cum
585 1307 742 1338 censibus
773 1308 977 1339 coniunctae
1006 1311 1042 1339 et
1072 1308 1118 1339 ad
1147 1308 1280 1340 Piscem
1310 1309 1449 1340 relatae.
1499 1313 1620 1341 contra

92 1357 277 1389 Doruillius
302 1357 347 1388 ad
372 1357 499 1389 Charit.
526 1369 558 1399 p.
586 1354 651 1390 53s
675 1358 727 1389 ed.
755 1359 774 1389 2
800 1358 1015 1399 lapidumque
1040 1359 1143 1390 nitori
1167 1359 1213 1390 ad
1237 1360 1455 1400 insequentia
1479 1361 1621 1392 trahens

89 1409 338 1449 interpretatur
354 1408 361 1421 ‘
375 1419 476 1440 nemo
491 1409 577 1441 adeo
592 1409 688 1441 diues
702 1410 772 1441 iam
786 1413 838 1441 est
852 1413 892 1441 ut
907 1411 1111 1451 margaritas
1126 1414 1161 1442 et
1182 1421 1335 1451 gemmas
1352 1412 1461 1452 possit
1477 1422 1588 1444 emere
1601 1412 1622 1449 ³,

91 1460 151 1500 qui
170 1470 287 1491 sensus
306 1460 420 1491 uerbis
438 1471 508 1491 non
527 1461 626 1492 inest.
675 1464 828 1492 ceterum
847 1461 974 1492 inuidis
993 1464 1132 1502 gratum
1151 1462 1263 1493 fecero
1283 1463 1311 1493 si
1330 1462 1495 1494 addidero
1515 1463 1621 1494 Scali-

91 1521 210 1552 gerum
232 1511 284 1542 ed.
311 1512 325 1542 l
351 1510 519 1543 Salmasio
541 1511 694 1551 lapidum
716 1515 752 1543 et
774 1512 982 1553 Pingraeum
1005 1513 1089 1544 mihi
1111 1513 1216 1544 nitore
1238 1514 1465 1554 praeripuisse
1488 1514 1622 1546 leuibus

91 1572 132 1593 ac
162 1563 352 1593 temerariis
383 1563 587 1594 coniecturis
619 1562 835 1603 lapidumque
867 1563 992 1594 notarii
1023 1567 1058 1595 et
1090 1563 1244 1604 lapidum
1276 1564 1395 1604 absque
1427 1566 1532 1596 nitore

136 1614 199 1646 405
221 1612 401 1653 quisquam
423 1613 496 1652 LM,
519 1622 686 1654 umquam
708 1613 747 1652 G,
772 1615 827 1645 cui
850 1614 995 1646 mendae
1018 1625 1039 1645 a
1062 1615 1231 1646 Becherto
1254 1615 1423 1656 probatae
1447 1616 1622 1648 Breiterus

91 1664 197 1695 etiam
231 1665 465 1695 coniecturam
499 1666 732 1705 superstruxit
822 1669 976 1697 oneratur
1011 1669 1095 1697 terra
1127 1665 1306 1707 profundo,
1345 1667 1352 1679 ⁶
1367 1667 1484 1708 spoliis
1519 1669 1623 1700 maris

92 1725 273 1746 oneramus
297 1718 426 1746 terram
441 1715 449 1728 ⁵
476 1715 647 1757 Scaliger:
687 1717 793 1747 immo
819 1727 872 1748 res
897 1717 1067 1758 pretiosae
1093 1718 1180 1748 mari
1205 1720 1383 1749 extractae
1408 1721 1530 1755 terrae,
1557 1719 1622 1751 hoc

91 1769 145 1797 est
168 1766 377 1803 hominibus,
401 1776 523 1807 graues
548 1770 630 1798 sunt
654 1770 689 1798 et
714 1778 877 1798 onerosae
901 1771 1043 1808 propter
1067 1771 1238 1808 sumptus,
1265 1768 1360 1799 Hier.
1387 1770 1486 1810 epist.
1515 1771 1576 1801 130
1603 1771 1622 1801 5

90 1827 208 1857 qraues
230 1816 381 1848 censibus
403 1817 545 1848 uniones
636 1819 700 1850 406
723 1820 812 1849 sorte
835 1818 924 1849 Flor.
947 1821 983 1849 et
1000 1818 1112 1855 Bodl„
1132 1818 1220 1850 forte
1242 1818 1334 1850 GLM
1425 1822 1488 1853 407
1511 1823 1625 1852 mutat

93 1866 210 1904 GL2M,
229 1866 345 1899 mittat
362 1867 399 1906 L,
419 1867 524 1899 mittit
542 1868 616 1899 cod.
638 1868 801 1900 Venetus.
850 1872 965 1906 mutat,
985 1869 1118 1906 uendit,
1138 1872 1179 1900 ut
1198 1869 1329 1901 Colum.
1350 1879 1404 1901 VII
1423 1871 1442 1902 9
1461 1872 1482 1901 4
1502 1870 1624 1902 lactens

89 1928 211 1959 porcus
238 1928 311 1950 aere
337 1918 518 1950 mutandus
545 1923 591 1950 est
681 1923 827 1951 eaeternos
855 1919 990 1957 labores,
1020 1920 1131 1951 alieno
1158 1920 1275 1951 labore
1303 1924 1429 1961 parta:
1471 1922 1551 1954 uide
1579 1923 1624 1954 ad

91 1970 158 2001 478
249 1971 312 2002 408
332 1968 467 2001 institor
486 1980 549 2011 pro
569 1981 641 2001 uar.
660 1969 737 2002 lect.
756 1969 784 2001 G
805 1981 849 2001 m.
875 1972 904 2007 1,
924 1970 1046 2002 insitor
1064 1970 1129 2009 GL,
1151 1970 1316 2003 iustititor
1336 1971 1373 2003 M
1462 1972 1525 2004 sub
1547 1972 1623 2011 GM,

91 2019 156 2052 sibi
178 2020 204 2052 I.
293 2020 393 2052 uaria
416 2020 475 2052 sub
500 2021 669 2060 imaqine:
708 2024 743 2052 et
767 2022 888 2063 pisces,
912 2031 1061 2062 quorum
1085 2022 1202 2053 uariae
1226 2022 1332 2054 facies
1356 2026 1449 2060 sunt,
1475 2027 1511 2055 et
1535 2035 1624 2056 mar-

91 2072 220 2113 garitas
241 2071 400 2103 uendunt
420 2071 485 2103 sub
507 2071 603 2103 Pisce
624 2073 709 2109 nati,
732 2072 794 2104 has
816 2083 898 2104 uero
919 2073 955 2104 in
977 2073 1172 2110 monilibus,
1195 2074 1384 2111 inauribus,
1408 2075 1625 2116 crepidarum

92 2122 310 2164 obstragulis,
342 2122 497 2160 socculis,
530 2122 616 2154 Plin.
650 2123 719 2155 n.h.
753 2132 793 2154 Ix
828 2125 890 2155 114
982 2126 1135 2157 409—415
1166 2134 1245 2155 cum
1277 2124 1484 2166 Capricorno
1516 2127 1626 2158 oritur

93 2174 194 2205 Fides
211 2174 284 2205 siue
302 2184 342 2205 ea
359 2173 454 2205 Fidis
472 2176 534 2205 est.
585 2174 704 2205 Fidem
722 2174 837 2206 Cicero
855 2175 891 2206 in
908 2174 1044 2206 Arateis
1062 2174 1217 2216 appellat
1234 2185 1341 2216 quam
1359 2175 1487 2208 Aratus
1506 2177 1624 2218 Λύρην,

92 2225 177 2257 item
199 2224 397 2262 Columella,
420 2225 546 2256 diserte
565 2225 674 2256 Varro
695 2236 751 2256 r.r.
775 2234 803 2256 11
825 2227 845 2256 5
870 2227 909 2256 12
932 2225 1015 2256 astri
1032 2250 1038 2256 .
1059 2250 1066 2256 .
1086 2251 1093 2256 .
1111 2226 1197 2265 quod
1218 2225 1335 2257 Graeci
1356 2231 1476 2258 uocant
1496 2227 1624 2268 Lyran,

97 2276 214 2308 Fidem
235 2276 363 2313 nostri;
399 2276 528 2317 Lyram
550 2279 668 2308 autem
690 2276 851 2308 Manilius
874 2277 1005 2308 324-38
1027 2287 1106 2308 cum
1128 2277 1232 2308 Libra
1254 2281 1452 2318 surgentem
1474 2279 1626 2317 induxit,

94 2328 155 2368 qui
180 2327 276 2368 quod
301 2338 393 2358 nunc
420 2327 541 2358 Fidem
563 2338 642 2359 cum
664 2327 870 2369 Capricorno
893 2328 972 2359 oriri
994 2327 1082 2364 uult,
1104 2328 1151 2364 id,
1174 2338 1390 2369 quamquam
1411 2340 1533 2361 uerum
1555 2341 1626 2362 non

94 2381 158 2415 est,
182 2378 296 2419 plures
320 2378 427 2410 habet
452 2381 621 2415 auctores,
647 2379 707 2419 qui
732 2378 860 2419 Lyram
886 2378 1006 2410 Fidem
1031 2378 1224 2410 Fidiculam
1249 2390 1350 2410 mane
1375 2381 1454 2411 oriri
1479 2381 1626 2413 tradunt

95 2430 194 2460 nonis
216 2429 396 2466 Ianuariis,
420 2429 515 2470 quod
536 2430 565 2460 si
586 2430 682 2466 facit,
706 2440 785 2461 cum
808 2429 1014 2470 Capricorno
1037 2430 1168 2461 oriatur
1189 2440 1326 2461 necesse
1348 2434 1410 2462 est.
1459 2435 1500 2462 ut
1524 2432 1624 2464 Ouid.

94 2480 174 2512 fast.
191 2489 205 2511 Ι
219 2481 283 2512 315
299 2490 348 2521 sq.
366 2481 539 2518 omittam,
556 2480 687 2511 Plinius
702 2480 771 2511 n.h.
790 2489 884 2511 XVIII
899 2481 963 2512 234
976 2480 1066 2520 prid.
1084 2491 1161 2511 non.
1182 2480 1258 2512 Ian.
1277 2481 1418 2512 Caesari
1436 2482 1627 2522 Delphinus

95 2531 257 2562 matutino
281 2531 425 2562 exoritur
448 2535 477 2562 et
498 2535 626 2571 postero
651 2530 704 2562 die
730 2530 899 2567 Fidicula,
925 2531 1114 2562 Columella
1138 2540 1178 2562 XI
1202 2533 1221 2563 2
1247 2533 1288 2563 97
1313 2542 1390 2563 mn.
1420 2532 1496 2564 Ian.
1527 2533 1627 2565 Fidis

94 2582 238 2613 exoritur
263 2592 360 2613 mane
386 2581 492 2622 (idem
518 2582 560 2613 94
590 2587 635 2613 VI
664 2581 725 2613 cal.
754 2581 831 2613 Ian.
859 2581 1050 2622 Delphinus
1077 2582 1199 2622 incipit
1224 2582 1307 2613 oriri
1337 2585 1459 2623 mane),
1487 2584 1626 2616 Clodius

95 2632 226 2665 calend.
241 2633 277 2664 in
291 2633 377 2674 Lyd.
394 2633 436 2664 de
450 2635 575 2664 ostent.
591 2632 644 2664 ed.
660 2633 680 2663 2
695 2632 867 2664 Wachsm.
883 2643 916 2674 p.
935 2634 997 2664 118
1015 2634 1034 2664 9
1051 2643 1101 2674 sq.
1123 2635 1240 2665 νώναιο-
1263 2634 1475 2675 Ἰανουαρίαισ
1496 2636 1516 2673 ἡ
1537 2637 1624 2676 Λύρα

96 2685 223 2724 ἀνίσχει
240 2708 247 2715 .
268 2708 274 2715 .
295 2708 302 2715 .
321 2685 336 2715 ὁ
361 2685 394 2715 δὲ
419 2686 540 2723 Δελφὶν
565 2686 642 2715 ὅλοσ
666 2685 826 2714 ἐπιτέλλει
843 2695 851 2720 ;
888 2684 982 2725 apud
1003 2694 1089 2724 quos
1106 2695 1224 2716 omnes
1241 2686 1362 2724 (etiam
1382 2685 1482 2717 Ouid.
1507 2686 1587 2717 fast.
1613 2695 1627 2718 1

95 2736 160 2766 457
173 2735 240 2776 sq.)
253 2734 456 2776 Delphinus,
469 2744 574 2775 quem
586 2734 747 2766 Manilius
759 2745 861 2766 uersu
873 2736 938 2766 416
951 2735 1030 2767 huic
1043 2735 1120 2766 Fidi
1133 2735 1270 2773 subicit,
1282 2736 1371 2766 circa
1384 2736 1475 2767 idem
1488 2739 1627 2778 tempus

95 2787 259 2818 exoritur.
306 2796 419 2826 neque
435 2785 485 2817 illi
502 2786 611 2826 magis
628 2795 735 2826 quam
752 2785 806 2817 hic
824 2785 890 2817 sibi
907 2789 1080 2823 constant,
1098 2787 1159 2827 qui
1176 2786 1285 2818 altero
1303 2797 1343 2818 ac
1361 2786 1496 2818 diuerso
1513 2798 1626 2820 errore

97 2847 178 2869 cum
196 2837 310 2869 Tauro
329 2837 422 2869 sidus
442 2847 543 2868 mane
563 2837 643 2868 oriri
661 2837 818 2875 tradunt,
839 2837 926 2869 Plin.
947 2838 1017 2869 n.h.
1039 2846 1133 2869 XVIII
1151 2839 1216 2869 248
1236 2837 1406 2878 (Boeotiae
1424 2841 1452 2869 et
1470 2838 1627 2880 Atticae),
