1855 3088
566 112 756 155 LIBRO
790 112 856 154 IV
887 110 1192 154 ADDENDA
1569 112 1648 151 157

115 222 235 259 scoria,
251 232 320 254 non
333 222 443 253 scoria
456 232 499 253 ex
512 231 613 258 uena,
628 220 758 252 urendo
771 219 906 252 elicitur
921 231 928 256 ;
959 229 1070 260 neque
1084 221 1195 250 terrae
1209 228 1386 259 uenaeque
1399 217 1648 249 uocabulorum

115 273 215 304 iuxta
235 274 429 315 positorum
449 272 529 304 talis
551 273 641 303 inter
661 282 697 303 se
718 272 807 303 ratio
828 274 892 308 est,
914 271 975 302 sed
996 274 1088 302 terra
1109 270 1206 302 uelut
1227 280 1350 311 corpus
1371 272 1424 301 est
1445 268 1647 306 animantis,

114 334 204 356 uena
220 335 300 366 pars
317 324 399 356 eius.

161 377 314 408 259-272
326 375 363 406 in
377 374 539 407 G.C.A.G.
558 383 581 405 v
596 374 607 405 i
621 384 654 415 p.
671 375 732 406 187
750 375 800 411 13,
814 373 889 405 loco
903 373 947 404 ab
962 372 1217 413 Wagcningeno
1231 371 1448 413 neglegenter
1461 370 1646 412 exscripto,

113 425 285 467 Aquarius
301 427 411 467 ὑγροΐσ
427 428 446 464 ἢ
463 427 640 466 παρύγροισ
657 426 788 457 τόποισ
805 426 947 465 ἁρμόζειν
970 424 1106 460 dieitur,
1123 426 1164 455 ut
1179 424 1333 463 τραχέσιν
1349 422 1418 454 alia
1433 422 1539 463 signa.

160 479 225 511 265
248 476 324 509 Son.
342 487 412 518 n.q.
431 485 445 508 1
460 476 567 518 praef.
587 478 606 508 8
622 475 774 507 deriuata
789 475 828 507 in
842 475 954 506 domos
963 474 1122 516 flumina.

161 529 225 562 285
248 527 337 560 adde
355 536 379 559 v
396 529 460 560 272
479 537 530 568 sq.
550 527 699 558 studium
713 551 720 558 .
738 551 745 558 .
762 551 770 558 .
785 526 976 566 seminaque
990 550 997 557 .
1015 549 1022 557 .
1039 549 1046 557 .
1062 524 1197 562 credere,
1217 525 1281 557 353
1300 534 1350 565 sq.
1371 527 1456 556 artes
1471 548 1478 556 .
1495 547 1503 556 .
1520 547 1528 556 .
1544 526 1573 555 et
1587 547 1595 556 .
1611 546 1620 556 .
1637 547 1645 555 .

115 578 223 611 tollere
239 579 374 611 morbos.

160 632 225 663 286
248 638 272 661 V
287 631 352 663 368
367 629 474 662 aerios
488 629 641 670 populos.

160 683 224 715 298
245 681 361 713 omnia
381 683 461 723 post
479 684 609 721 partem
629 689 696 711 om.
720 679 817 717 Ven„
839 688 944 720 quem
964 678 1059 720 quod
1079 677 1199 710 decane
1219 677 1380 710 exhibere
1402 676 1486 714 dixi,
1509 675 1648 708 Bentlei

114 731 315 764 collationes
331 732 421 764 male
436 733 685 773 interpretatus
701 740 805 763 eram.

161 785 226 817 302
247 783 327 816 uide
343 792 372 815 11
388 784 462 815 687.

163 836 228 868 314
250 834 305 867 hio
321 835 457 866 dicendi
472 834 672 874 serendique
688 833 873 865 uerborum
888 842 981 870 usus,
996 842 1100 873 quem
1116 834 1198 863 ante
1215 841 1269 862 me
1282 829 1448 872 exemplis
1460 829 1650 862 illustrauit

117 885 342 918 Marklandus
358 886 404 917 ad
420 886 509 918 Stat.
528 885 604 917 silu.
623 894 646 916 v
665 886 679 916 l
699 886 753 922 33,
770 884 933 916 thesauro
949 883 1086 925 linguae
1103 882 1249 915 Latinae
1265 882 1404 923 ignotus
1420 884 1483 914 est.

162 939 226 971 326
247 937 378 969 umbris
396 937 495 968 Bodl.

160 990 223 1022 369
246 988 335 1020 adde
351 997 366 1020 1
382 989 445 1020 765
462 992 600 1020 naturae
616 988 772 1019 uictorem
790 986 948 1018 Ithacum
964 985 1164 1027 Pyliumque
1180 988 1318 1017 senecta.

162 1041 226 1073 413
249 1039 292 1071 de
317 1039 457 1071 elisione
483 1039 563 1071 uide
588 1039 634 1070 ad
659 1048 682 1070 v
709 1040 749 1070 87
777 1038 956 1070 adnotata.
1005 1037 1050 1069 ad
1075 1037 1148 1068 sine
1173 1040 1309 1076 utroque
1335 1039 1445 1067 tamen
1470 1035 1650 1076 aptissime

116 1091 312 1123 conseretur
338 1091 451 1123 Plaut.
480 1091 586 1123 Stich.
615 1091 678 1123 352
705 1100 755 1131 sq.
783 1089 856 1121 sine
881 1088 1042 1130 saffraqio
1064 1086 1208 1131 lpopuli
1233 1091 1343 1119 tamen
1369 1086 1572 1118 aedilitatem
1597 1085 1650 1117 hic

115 1141 248 1183 quidem
262 1142 353 1183 qerit.

162 1195 226 1226 419
249 1204 311 1235 pro
331 1193 425 1225 tellus
445 1193 527 1225 Luc.
549 1202 577 1224 11
596 1194 659 1224 397
680 1196 782 1224 terrae
801 1191 874 1229 ΜΖ,
896 1191 998 1222 Drac.
1019 1190 1111 1222 laud.
1133 1190 1188 1222 dei
1208 1199 1222 1221 1
1243 1191 1304 1221 152
1325 1193 1409 1221 terra
1431 1188 1460 1221 G
1480 1192 1516 1220 et
1536 1188 1623 1229 Eug.
1640 1199 1649 1225 3

115 1243 261 1276 fortasse
275 1247 367 1276 recte
382 1244 544 1276 Morelius
559 1245 595 1275 in
610 1243 747 1275 Aemilii
761 1243 868 1274 Macri
883 1253 984 1274 uersu
999 1241 1080 1273 Isid.
1099 1242 1180 1283 orig.
1199 1250 1253 1272 ΧΠ
1267 1242 1288 1272 4
1304 1241 1345 1272 24
1361 1250 1420 1272 seu
1434 1239 1529 1271 tellus
1538 1239 1650 1281 fumat

116 1295 176 1327 ubi
193 1299 278 1327 terra
293 1295 381 1327 libri.

162 1349 225 1380 421
249 1346 365 1379 Sidon.
383 1357 435 1388 ep.
453 1356 491 1379 IV
506 1348 525 1378 3
541 1348 561 1377 4
576 1345 674 1387 quasi
688 1344 886 1386 quibusdam
898 1344 1010 1385 pelaqi
1024 1344 1081 1376 sui
1092 1343 1253 1384 portibus.

162 1399 226 1431 422
249 1398 387 1430 Kellero
416 1401 452 1430 ct
480 1397 690 1429 Friedrichio
718 1397 842 1429 tertius
871 1396 1051 1428 addendus
1080 1398 1133 1427 est
1162 1395 1195 1427 S.
1227 1393 1413 1427 Gaselaeus
1442 1392 1517 1425 cod..
1548 1392 1648 1434 Trag.

118 1449 255 1481 Petron.
274 1460 331 1491 pp.
353 1451 392 1481 12
409 1460 459 1490 sq.

163 1503 227 1534 426
250 1501 345 1542 prius
362 1510 384 1533 a
400 1501 546 1532 fortasse
563 1503 656 1532 recte
673 1500 718 1531 ab
735 1498 772 1531 M
788 1499 907 1531 abesse
925 1498 997 1530 dixi
1015 1498 1059 1530 ad
1077 1507 1096 1529 v
1118 1498 1192 1530 494.

163 1554 226 1585 431
250 1552 315 1593 leqe
332 1552 503 1589 carminis,
522 1552 616 1593 quod
633 1560 758 1582 nomen
777 1551 813 1582 in
830 1561 931 1582 uersu
949 1550 1122 1591 superiore
1139 1548 1239 1581 adest
1254 1560 1261 1581 ε
1293 1547 1373 1580 uide
1390 1556 1434 1579 111
1451 1548 1493 1580 35
1509 1546 1651 1588 pedibus

119 1627 127 1635 .
144 1627 151 1635 .
169 1627 176 1635 .
192 1604 296 1635 certis.
344 1607 436 1635 recte
453 1604 650 1644 Pingraeus.

163 1657 227 1689 454
251 1655 413 1687 Geminos
433 1654 509 1687 Sen.
531 1654 603 1686 H.f.
628 1655 668 1685 14
687 1653 777 1686 clara
795 1653 893 1694 siqna
913 1652 980 1684 dici
999 1663 1091 1684 nunc
1114 1651 1160 1683 ad
1179 1660 1207 1683 11
1229 1651 1291 1683 196
1311 1650 1502 1688 adnotaui3
1535 1652 1654 1681 manet

118 1709 237 1738 tamen
253 1706 347 1747 quod
363 1707 399 1737 in
415 1705 565 1737 Geminis
581 1705 688 1746 siquis
705 1705 941 1736 demonstraui
958 1704 1093 1735 uitium.

166 1759 230 1791 458
253 1758 333 1789 uide
344 1757 426 1789 Luc.
440 1766 480 1789 IX
492 1758 556 1789 946
568 1766 618 1797 sq.
631 1756 719 1788 dedit
732 1780 739 1788 .
756 1780 762 1787 .
779 1780 786 1787 .
800 1755 925 1796 qaudia
939 1780 946 1787 .
964 1779 970 1787 .
987 1779 993 1787 .
1009 1765 1084 1786 cum
1096 1754 1208 1786 uidere
1221 1753 1327 1786 leones·
1340 1763 1498 1795 quaeque
1509 1752 1557 1784 ibi
1569 1751 1653 1784 dixi.

164 1811 228 1842 461
252 1809 294 1841 de
311 1817 334 1840 v
350 1810 415 1841 208
431 1819 522 1840 nunc
539 1808 587 1839 ibi
604 1808 774 1839 adnotata
790 1807 880 1838 uide.

162 1862 227 1893 466
249 1860 414 1892 uicesima
430 1863 457 1891 et
475 1859 596 1891 altera:
622 1859 702 1891 uide
720 1859 765 1890 ad
782 1868 804 1890 v
830 1860 891 1890 197
908 1868 960 1899 sq.

163 1913 228 1945 478
251 1914 291 1943 ut
307 1911 362 1943 hic
377 1911 456 1943 libri
472 1911 608 1942 decuma
629 1909 634 1953 Ι
654 1913 683 1942 et
698 1910 748 1941 ita
764 1917 788 1941 v
804 1910 868 1941 524
885 1911 997 1941 eruere·
1015 1907 1020 1951 Ι
1039 1907 1217 1948 orbemque.

164 1964 229 1996 484
251 1972 363 2004 neque
378 1962 470 1994 hunc
486 1972 625 1994 uersum
641 1971 753 2002 neque
769 1961 834 1993 409
851 1963 913 1992 aut
929 1961 994 1992 418
1011 1960 1140 1991 maiore
1155 1958 1282 1991 initiali
1297 1958 1478 2000 insigniuit
1494 1956 1532 1990 G.

165 2016 228 2047 500
251 2023 302 2055 sq.
349 2023 392 2046 ne
409 2013 498 2045 male
514 2012 736 2054 intellegatur
751 2011 846 2052 quod
862 2011 956 2052 apud
973 2010 1206 2043 Schmalzium
1221 2012 1313 2052 synt.
1332 2009 1410 2041 Lat.
1428 2008 1481 2041 ed.
1500 2009 1521 2040 5
1537 2019 1570 2050 p.
1590 2009 1653 2041 780

117 2064 267 2096 habetur
287 2064 294 2077 ‘
309 2064 341 2096 si
355 2089 363 2096 .
380 2088 387 2096 .
405 2089 412 2096 .
428 2075 469 2096 ue
486 2074 552 2096 nur
569 2064 646 2096 qu.
667 2072 711 2094 111
728 2064 792 2095 297
809 2062 829 2100 ’,
848 2062 1006 2094 adscribo
1025 2062 1124 2094 Lucr.
1145 2070 1158 2093 Ι
1175 2062 1240 2094 410
1258 2061 1290 2093 si
1304 2060 1454 2101 piqraris
1469 2059 1654 2101 paulumue

117 2116 298 2154 recesseris,
315 2116 415 2157 potui
431 2115 540 2157 plura.

164 2169 228 2201 508
250 2167 367 2199 Ariete
385 2167 477 2198 natis
490 2166 635 2208 frontem
653 2165 891 2206 expudoratam
908 2165 1033 2196 tribuit
1050 2163 1258 2196 Trimalchio
1277 2163 1368 2195 Petr.
1389 2163 1431 2195 39
1450 2164 1481 2194 5.

164 2220 227 2252 509
250 2218 340 2251 Stat.
366 2218 473 2250 Theb.
500 2227 513 2249 Ι
537 2218 602 2250 439
626 2228 676 2258 sq.
702 2226 804 2257 neque
828 2216 918 2248 enim
941 2226 1033 2247 meus
1064 2215 1207 2247 audeat
1239 2214 1321 2246 istas
1343 2212 1347 2257 Ι
1367 2213 1455 2246 ciuis
1486 2213 1529 2245 in
1553 2223 1656 2254 usque

119 2280 274 2302 manus.

166 2324 229 2355 510
252 2321 342 2353 adde
359 2320 414 2352 ille
430 2330 453 2352 v
469 2321 533 2352 527
551 2323 586 2352 et
603 2321 677 2352 701.

165 2375 229 2407 514
251 2372 333 2404 Luc.
351 2381 377 2403 X
392 2373 455 2404 221
477 2371 567 2403 testis
583 2371 644 2402 tibi
659 2370 727 2408 ZG,
745 2370 811 2401 sibi
826 2369 937 2401 MUV.

166 2426 318 2458 518-524
341 2423 470 2455 Teucer
485 2422 573 2454 Boll.
589 2423 664 2463 sph.
679 2432 713 2463 p.
729 2423 771 2452 42
786 2422 828 2453 20
843 2431 892 2462 sq.
911 2422 1074 2452 Πλειάδεσ
1089 2421 1257 2460 ’γεωργοὺσ
1272 2420 1462 2458 (δηλοῦσιν).

166 2477 229 2509 519
253 2474 341 2506 adde
363 2474 459 2506 anth.
484 2473 560 2505 Lat.
585 2473 676 2504 Ries.
701 2471 786 2504 689b
812 2473 850 2503 12
874 2471 989 2503 leniter
1011 2471 1166 2503 incedunt
1187 2470 1314 2502 mollita
1335 2480 1413 2502 uoce
1435 2469 1599 2510 loquentes
1619 2472 1656 2501 et

120 2526 237 2558 confer
254 2536 343 2567 quae
362 2525 576 2557 Headlamus
595 2527 630 2556 et
649 2524 809 2555 Knoxius
828 2523 873 2555 ad
892 2522 1044 2554 Herond.
1065 2531 1102 2554 IV
1121 2523 1176 2560 36,
1195 2522 1311 2553 locum
1328 2532 1399 2553 non
1417 2531 1500 2553 sane
1518 2523 1654 2562 aptum,

119 2577 339 2609 colleoerunt.

166 2605 229 2662 533
253 2628 334 2660 Luc.
358 2636 398 2659 IX
419 2629 438 2658 5
460 2627 552 2667 niyer
568 2651 574 2657 .
593 2650 599 2657 .
618 2650 624 2657 .
641 2636 696 2657 aer
717 2636 759 2657 ex
781 2625 1038 2666 comparatione
1059 2625 1218 2656 aetheris.
1266 2624 1443 2656 ablatiuus
1463 2623 1499 2654 in
1519 2622 1656 2654 obscura

122 2679 205 2712 nube
213 2679 338 2721 feretur
351 2679 443 2710 idem
458 2681 510 2710 est
524 2681 630 2718 atque
644 2678 679 2708 in
694 2678 757 2708 560
770 2676 883 2716 prima
897 2679 985 2708 ueste
998 2676 1147 2717 resurgit.

166 2733 228 2765 531
251 2739 319 2771 qua
336 2730 434 2761 Bodl.

168 2784 231 2816 533
254 2781 331 2813 Sen.
356 2781 484 2813 Phoen.
511 2781 574 2812 169
596 2789 698 2820 neque
720 2779 786 2811 ista
807 2782 907 2810 morte
930 2779 1128 2820 (caecitate)
1152 2781 1322 2810 contentus
1338 2776 1407 2820 fui,
1432 2776 1550 2816 Quint.
1574 2776 1654 2809 inst.

124 2841 192 2865 VIII
207 2833 227 2864 2
245 2833 287 2864 20
303 2831 411 2864 dictus
427 2834 473 2864 est
488 2841 603 2863 caecus
618 2830 799 2863 secundum
814 2830 921 2862 uitam
936 2833 1031 2862 stare.
