1855 3088
582 115 771 160 LIBRO
804 116 826 159 I
857 117 1162 161 ADDENDA
1558 122 1636 160 135

160 228 223 259 908
246 237 295 267 sq.
316 226 454 258 ducibus
473 227 605 259 iurata.
623 252 630 259 .
648 252 654 259 .
671 238 775 265 arma,
796 228 853 260 Sil.
875 237 914 259 XI
935 230 996 260 145
1015 229 1163 260 iuratum
1177 252 1184 259 .
1202 252 1208 259 .
1227 252 1233 259 .
1250 228 1323 259 uiro
1342 228 1470 259 bellum.

160 279 222 310 910
246 277 326 308 Luc.
343 286 395 308 VII
409 279 471 310 853
485 288 534 318 sq.
550 289 656 310 nouae
669 279 802 310 uenient
815 279 912 316 acies,
926 279 1099 319 scelerique
1111 278 1252 310 secundo
1273 277 1277 322 Ι
1295 279 1479 319 praestabis
1492 279 1639 311 nondum

115 327 217 360 siccos
233 328 290 359 lioe
306 329 469 368 sanquine
485 339 627 369 campos.

161 381 223 412 915
247 379 372 420 Porph.
391 379 435 411 ad
452 380 535 411 Hor.
554 380 652 421 epod.
672 381 691 412 9
710 382 745 411 11
768 380 934 412 Romanos
951 381 1071 412 milites
1087 381 1177 412 uelut
1192 380 1314 412 dotales
1330 380 1521 421 Cleopatrae
1536 381 1639 418 clatos,

115 429 174 462 Sil.
192 439 270 461 XVII
287 431 327 461 75
343 430 467 462 dotalia
483 431 651 462 transtulit
666 442 760 462 arma
776 432 932 473 (Syphax
949 432 993 463 ad
1009 433 1188 471 socerum).

161 483 224 514 918
247 480 336 512 Stat.
352 481 426 512 silu.
442 490 465 512 v
478 483 498 513 3
511 483 575 513 202
589 482 725 522 captiua
740 507 747 513 .
765 507 772 513 .
790 507 796 513 .
807 482 968 523 fulmina,
984 482 1160 514 obsessum
1173 483 1418 524 incensumque
1434 483 1642 524 Capitolium

116 541 208 563 anno
224 534 305 573 post
321 531 495 563 Christum
513 533 563 564 69.

163 585 313 616 919-921
338 583 422 614 Vell.
443 592 471 614 11
490 585 530 615 73
550 585 569 615 3
588 584 727 615 seruitia
738 583 967 625 fuyitiuosque
985 584 1023 615 in
1041 595 1216 616 numerum
1233 584 1392 616 ezercitas
1409 584 1465 616 sui
1481 585 1644 625 recipiens

117 656 125 664 .
142 657 149 664 .
167 656 174 664 .
190 643 265 664 cum
284 644 359 664 eum
378 645 445 665 non
464 634 636 675 clepucleret
655 634 865 666 uindicatum
884 635 988 666 armis
1007 646 1044 667 ac
1063 635 1163 666 ductu
1180 635 1288 675 patris
1307 636 1363 667 sui
1382 646 1471 667 mare
1490 635 1646 676 infestare

114 683 271 724 piraticis
292 684 475 722 sceleribus,
499 685 589 717 Flor.
613 695 641 717 Π
665 687 705 717 18
730 687 743 717 l
770 687 839 717 iam
860 690 889 717 et
910 686 1012 717 classe
1034 686 1180 717 medium
1200 697 1289 717 mare
1312 686 1485 724 insederat,
1507 697 1526 717 o
1547 697 1647 727 quam

117 735 271 767 diuersus
290 746 311 767 a
327 739 422 776 patre
441 746 450 767 .·
484 736 538 768 ille
558 736 683 768 Cilicas
702 737 893 774 extinxerat,
914 737 966 769 liic
985 748 1019 769 se
1035 738 1181 777 piratica
1200 737 1358 774 tuebatur,
1379 738 1460 769 Luc.
1482 746 1520 769 vr
1539 739 1646 769 420—2

119 786 160 817 M
162 797 246 826 agno
256 786 365 827 proles
378 787 517 827 indiyna
528 791 674 828 parente,
697 786 701 830 Ι
721 789 777 819 cui
791 813 798 819 .
816 813 822 819 .
841 813 847 819 .
862 788 983 828 polluit
995 798 1168 828 aequoreos
1180 788 1316 819 Siculus
1326 789 1439 828 pirata
1452 788 1645 829 triumphos.

164 839 228 871 925
250 838 294 869 ad
319 838 363 869 sit
390 838 495 870 Roma
519 839 578 870 sub
604 839 661 870 illo
687 840 861 871 Breiterus
885 842 921 871 et
945 839 1220 881 Wageningenus
1245 842 1403 880 perstant
1427 840 1545 871 audire
1570 850 1649 871 cum

118 888 283 920 Stoebero
300 889 438 927 inuicta,
451 890 550 931 quasi
567 890 636 922 ullo
650 894 753 931 pacto
766 890 837 922 fieri
849 891 958 932 possit
969 894 1010 922 ut
1022 891 1134 922 Roma
1146 891 1210 922 sub
1223 891 1364 922 Caesare
1376 891 1506 922 inuicto
1518 892 1651 923 inuicta

117 949 187 971 non
199 940 253 971 sit.

165 993 228 1023 926
252 991 341 1022 adde
364 992 453 1023 Stat.
479 991 554 1024 silu.
581 1001 618 1023 IV
642 993 661 1023 2
686 993 727 1024 59
751 1003 800 1034 sq.
827 996 900 1024 rata
923 993 1066 1025 numina
1090 993 1221 1024 miseris
1244 993 1344 1025 astris
1366 992 1370 1036 Ι
1391 993 1573 1033 templaque
1596 993 1650 1024 des

120 1040 306 1082 habitesque
326 1041 447 1079 domos,
471 1043 534 1074 hoc
556 1046 608 1074 est
629 1047 724 1075 tecta
745 1044 908 1080 humana,
930 1044 1024 1085 quod
1046 1044 1090 1075 ob
1112 1044 1275 1075 Vollmeri
1297 1055 1445 1076 errorem
1467 1044 1651 1076 dicendum

120 1095 183 1129 est,
206 1091 306 1124 Mart.
330 1102 400 1124 xm
420 1095 440 1124 4
460 1104 553 1125 serus
573 1097 609 1125 ut
629 1094 790 1125 aetheriae
811 1094 1027 1126 Germanicus
1048 1095 1184 1135 imperet
1204 1094 1301 1126 aulae
1323 1093 1327 1138 Ι
1347 1099 1444 1135 utque
1465 1094 1525 1126 diu
1546 1095 1650 1132 terris,

120 1143 164 1175 da
178 1144 240 1184 pia
258 1147 332 1175 tura
351 1144 440 1181 Ioui,
460 1145 553 1186 Galp.
574 1145 649 1176 buc.
669 1154 706 1176 IV
726 1147 783 1176 141
804 1145 847 1176 sit
864 1145 943 1177 deus
960 1149 988 1177 et
1005 1145 1087 1177 nolit
1101 1156 1242 1186 pensare
1259 1146 1395 1178 Palatia
1411 1146 1507 1178 caelo.
1550 1145 1651 1178 Ouid.

122 1205 163 1226 ex
187 1195 287 1226 Pont.
313 1204 325 1226 1
347 1197 366 1226 2
392 1197 452 1228 100
475 1206 524 1236 sq.
549 1197 599 1227 ita
622 1197 752 1228 correxi
773 1198 809 1228 in
831 1197 992 1228 Classical
1015 1197 1198 1238 Quarterly
1221 1208 1275 1229 an.
1303 1199 1387 1229 1916
1408 1208 1440 1239 p.
1469 1199 1540 1233 141,
1564 1197 1654 1228 alma

123 1246 210 1277 nihil
223 1247 334 1278 maius
348 1247 487 1279 Caesare
501 1250 585 1278 terra
592 1247 680 1288 ferat
702 1246 706 1290 Ι
726 1251 823 1288 utque
835 1248 895 1279 diu
907 1248 967 1279 sub
981 1259 1015 1279 eo
1028 1248 1076 1280 sic
1088 1248 1131 1279 sit
1144 1248 1204 1279 sub
1218 1248 1357 1280 Caesare
1370 1249 1514 1289 (aliquo)
1528 1258 1654 1288 semper

123 1299 222 1337 (terra
245 1298 323 1329 libri
348 1309 389 1329 ex
414 1309 515 1330 uersu
539 1299 738 1340 superiore),
764 1299 823 1330 ubi
848 1299 972 1331 addere
998 1299 1101 1331 debui
1128 1300 1207 1331 fast.
1232 1308 1269 1331 IV
1294 1301 1357 1331 859
1381 1300 1428 1331 sis
1453 1310 1570 1340 maqno
1594 1299 1653 1331 sab

125 1349 265 1381 Caesare
282 1360 409 1390 semper
426 1353 461 1381 et
477 1350 578 1381 Mart.
598 1359 653 1381 XII
671 1351 690 1381 6
708 1352 727 1381 6
744 1350 812 1381 dux
828 1350 888 1381 tibi
904 1351 947 1381 sit
963 1361 1089 1391 semper
1106 1350 1193 1388 talis,
1212 1354 1240 1382 et
1257 1351 1317 1382 iste
1333 1350 1402 1382 diu.

678 1514 790 1541 BOOK
821 1515 876 1541 1Ιῖ
918 1515 1104 1541 PREFACE

203 1603 242 1640 p.
276 1589 330 1628 vii
361 1603 427 1627 uu.
464 1591 649 1628 157-196.
705 1589 796 1628 Add
830 1590 979 1628 Auson.
1012 1591 1085 1629 332
1117 1592 1164 1629 46
1197 1603 1255 1641 sq.
1290 1590 1416 1641 (Peip.
1448 1605 1487 1642 p.
1519 1593 1582 1640 26)
1615 1597 1657 1629 tu

125 1652 315 1702 tropicum
333 1651 453 1690 solido
472 1652 522 1690 da
540 1651 675 1698 cedere,
696 1665 831 1690 rursus
850 1658 882 1690 et
901 1651 999 1690 illud
1023 1650 1027 1704 Ι
1053 1658 1153 1702 terya
1171 1652 1272 1698 dare,
1295 1658 1334 1690 ut
1353 1652 1494 1703 duplex
1513 1653 1656 1703 tropico

127 1714 299 1751 uarietur
323 1713 370 1751 ab
394 1719 507 1751 astro.
564 1713 611 1750 In
637 1726 777 1764 papyr.
805 1713 940 1751 astrol.
968 1713 1089 1751 Class.
1118 1713 1218 1752 Phil.
1249 1715 1344 1752 1927
1370 1727 1408 1764 p.
1436 1716 1497 1760 20,
1525 1716 1546 1752 2
1566 1715 1601 1752 D
1620 1716 1656 1761 7,

127 1775 222 1813 read
235 1773 436 1824 [δί]μορφα
452 1773 627 1824 Τοξότησ
643 1773 879 1823 Αἰγόκερωσ.
929 1775 955 1813 J
958 1774 1091 1813 acob's
1107 1774 1245 1813 fiction
1258 1775 1397 1826 copied
1412 1774 1466 1825 by
1479 1775 1657 1814 Bouche-

128 1837 314 1888 Leclercq
334 1836 366 1874 is
387 1836 505 1887 again
526 1836 665 1887 copied
686 1835 740 1886 by
761 1836 849 1874 Boll
868 1836 909 1874 in
931 1835 1068 1874 Woch.
1086 1836 1113 1874 f.
1131 1836 1248 1874 klass.
1267 1836 1367 1875 Phil.
1392 1838 1488 1875 1913
1508 1851 1546 1888 p.
1572 1839 1656 1876 123.

128 1899 225 1937 Part
251 1898 291 1936 of
317 1898 387 1936 the
414 1897 593 1936 delusion
621 1910 715 1947 may
738 1898 841 1936 have
867 1897 997 1935 arisen
1020 1897 1123 1935 from
1149 1897 1218 1935 the
1244 1897 1334 1936 title
1356 1898 1398 1936 in
1421 1898 1490 1936 the
1514 1909 1590 1936 MSS
1614 1903 1658 1937 at

127 1972 159 1999 ΙΙ
191 1962 274 2006 159,
305 1973 401 2010 quae
428 1960 540 2009 siqua
569 1959 743 2009 duplicia
771 1960 850 1997 sint
879 1965 911 1997 et
941 1960 1066 2009 (quae)
1098 1958 1290 2009 biformia.
1346 1959 1533 1998 Manilius
1562 1960 1657 1998 calls

127 2022 180 2061 all
204 2021 281 2060 five
305 2021 421 2060 bina:
463 2020 637 2070 biformis
660 2021 709 2059 he
733 2021 885 2071 applies
908 2024 952 2058 to
977 2020 1192 2071 Capricorn
1216 2032 1264 2058 111
1290 2023 1377 2067 257,
1404 2021 1485 2059 and
1508 2022 1601 2060 that
1624 2022 1657 2059 is

128 2084 198 2123 the
220 2083 314 2133 only
334 2083 446 2133 place
468 2082 596 2121 where
617 2082 667 2120 he
688 2095 776 2120 uses
796 2082 866 2120 the
888 2082 996 2120 word
1014 2095 1022 2128 ;
1060 2081 1314 2132 Sagittarius,
1338 2082 1425 2120 who
1447 2083 1659 2133 according

128 2150 171 2185 to
200 2143 328 2184 Jacob
353 2144 433 2182 and
458 2143 519 2182 his
548 2144 672 2194 dupes
693 2144 725 2182 is
747 2143 920 2194 biformis
940 2143 1021 2182 and
1042 2144 1197 2182 neither
1214 2145 1392 2193 yeminus
1412 2157 1484 2182 nor
1503 2145 1657 2195 duplex,

129 2207 162 2246 is
187 2206 313 2246 called
333 2206 512 2256 qeminus
536 2206 577 2244 in
602 2217 633 2243 11
659 2208 732 2244 552
758 2205 838 2243 and
862 2217 905 2243 IV
931 2206 1016 2251 784,
1043 2205 1192 2256 duplici
1206 2205 1401 2255 formatus
1428 2207 1594 2256 irriaqine
1617 2206 1658 2245 in

130 2281 162 2307 11
186 2270 270 2315 188,
295 2268 468 2318 biformis
489 2267 683 2306 nowhere.

208 2344 247 2381 p.
269 2330 310 2368 ix
330 2330 354 2368 l.
378 2331 412 2367 7.
468 2329 503 2366 A
518 2342 674 2368 comma
690 2329 761 2367 has
778 2328 956 2379 dropped
977 2332 1049 2366 out
1069 2327 1246 2367 between
1272 2337 1315 2365 ἐπ’
1340 2328 1419 2367 and
1440 2333 1495 2375 16³,
1519 2329 1598 2368 and
1618 2329 1659 2368 in

132 2392 202 2431 the
220 2395 319 2430 next
337 2391 416 2429 line
436 2389 472 2427 δέ
491 2390 594 2429 after
617 2398 676 2428 xx.

209 2467 248 2504 p.
278 2466 304 2490 x
331 2466 398 2490 uu.
427 2454 617 2491 265-269.
673 2451 779 2490 That
805 2451 991 2489 Manilius
1018 2450 1261 2490 distributed
1287 2452 1357 2490 the
1382 2451 1488 2502 signs
1515 2465 1661 2503 among

135 2515 204 2553 the
220 2527 379 2553 seasons
396 2527 439 2552 as
458 2514 476 2551 I
492 2513 596 2552 have
612 2513 711 2559 said,
730 2512 861 2551 Pisces
876 2513 988 2551 Aries
1005 2513 1158 2550 Taurus
1174 2517 1217 2550 to
1232 2513 1368 2564 spring
1384 2514 1464 2551 and
1479 2527 1522 2552 so
1539 2514 1659 2561 forth,

134 2576 167 2614 is
189 2580 412 2614 consonant
433 2575 529 2613 with
552 2587 600 2612 111
622 2576 708 2620 253,
732 2574 859 2612 where
880 2574 929 2613 he
950 2578 1045 2625 puts
1065 2574 1133 2613 the
1155 2575 1329 2625 equinox
1350 2576 1471 2613 medio
1492 2589 1590 2614 uere.

212 2651 251 2688 p.
277 2637 350 2675 xiii
376 2650 442 2675 uu.
469 2638 658 2675 352—357.
714 2636 829 2674 Some
854 2635 945 2674 held
970 2636 1039 2674 the
1064 2640 1252 2686 contrary
1276 2636 1451 2687 opinion,
1477 2637 1569 2675 that
1594 2637 1663 2675 the

140 2699 335 2751 quadrate
359 2702 498 2748 aspect
521 2698 593 2736 has
618 2711 726 2736 more
750 2697 856 2736 force
879 2697 980 2736 than
1004 2697 1073 2736 the
1096 2698 1213 2736 trine.
1268 2697 1456 2737 C.O.A.G.
1482 2710 1525 2736 VI
1550 2712 1588 2748 p.
1615 2701 1662 2737 62

141 2762 238 2799 10-ss
265 2760 303 2796 αἱ
329 2758 557 2809 τετράγωνοι
586 2758 783 2809 (πλευραὶ)
809 2757 879 2807 τὴν
904 2758 1093 2809 μεγίστην
1124 2758 1309 2810 ἐνέργειαν
1338 2758 1505 2808 ἔχουσιν,
1537 2759 1600 2796 ἐάν
1626 2775 1664 2796 τε

138 2822 291 2873 ἀγαθῶν
321 2822 390 2858 ὦσι
419 2820 628 2870 δηλωτικαῖ
654 2820 716 2857 ἐάν
745 2836 783 2857 τε
813 2820 985 2867 φαύλων·
1012 2819 1036 2870 ἡ
1065 2820 1101 2857 δὲ
1131 2820 1322 2871 τρίγωνοσ
1347 2820 1553 2857 πολλάκισ
1582 2820 1666 2858 οὕτε
