1855 3088
573 127 764 170 LIBRO
796 127 820 168 I
850 126 1157 169 ADDENDA
1552 127 1629 165 121

97 247 141 270 111
157 239 218 270 153
233 238 299 270 huc
314 237 463 269 relatum
477 240 530 269 est
544 238 580 269 in
594 238 682 269 thes.
699 237 779 279 ling.
797 237 874 269 Lat.
891 246 919 268 Π
933 248 966 278 p.
986 239 1066 269 1571
1088 238 1137 268 14.
1185 246 1335 268 errorem
1349 246 1454 276 quem
1468 236 1504 266 in
1519 235 1587 266 uol.
1604 244 1633 266 11

96 300 130 331 p.
149 290 210 320 119
225 299 439 321 correxeram
453 291 572 320 tamen
586 299 688 320 suum
703 289 786 320 fecit
800 288 1087 330 Wageningenus,
1103 288 1164 328 qui
1179 298 1293 319 meam
1307 287 1386 318 libri
1401 295 1429 317 11
1443 287 1633 318 editionem

97 350 288 380 numquam
306 339 399 381 legit.

141 401 265 431 neque.
283 414 290 421 .
308 415 315 421 .
331 400 388 421 nec
405 414 412 421 .
429 415 436 421 .
454 414 460 421 .
477 399 544 422 nec.
592 390 671 422 uide
698 390 744 422 ad
771 399 794 421 v
822 391 885 422 719
913 391 1095 427 adnotata,
1123 393 1159 421 et
1186 389 1228 421 de
1257 399 1313 421 nec
1341 399 1397 420 aer
1424 399 1513 429 quae
1540 398 1632 420 nune

96 442 141 474 ad
159 450 201 473 111
218 443 281 473 238
298 442 429 473 addidi.

143 495 206 526 142
229 493 361 524 Licent.
378 502 482 524 carm.
499 492 544 524 ad
560 492 743 533 Augustin.
763 493 825 524 130
842 492 940 533 (frag.
958 495 1051 533 poet.
1068 492 1170 523 Rom.
1188 491 1312 523 Baehr.
1329 501 1363 532 p.
1380 492 1459 529 418)
1474 500 1633 530 superum

96 553 228 575 concors
248 543 415 574 discordia
434 553 553 581 rerum,
576 543 679 575 Drac.
701 543 794 574 laud.
816 543 850 574 d.
873 552 902 574 11
925 543 986 574 195
1008 542 1286 583 (elementorum)
1307 541 1459 572 concordi
1480 541 1545 572 lite.
1590 540 1632 572 de

97 594 306 635 Empedocle
323 594 532 626 Claudianus
550 603 629 625 xvn
647 595 688 625 74
705 593 803 625 nectit
819 593 981 625 amicitiis
997 593 1159 634 quidquid
1175 592 1341 624 discordia
1358 592 1468 623 soluit.

144 648 207 679 143
229 645 412 685 yenerabile
424 646 540 678 actiua
555 645 590 676 ui
604 645 687 686 poni
701 648 842 686 propter
855 645 1086 686 interpretum
1099 647 1135 676 et
1149 644 1471 685 lexicographorum
1484 652 1634 674 errorem

96 697 208 729 dicere
224 696 339 728 debui.

143 750 206 782 145
233 748 269 779 in
301 748 385 779 Hor.
418 750 484 779 art.
520 748 562 779 38
596 747 717 779 sumite
754 746 961 778 materiam
999 746 1075 778 cod.
1118 746 1219 778 Bern.
1260 746 1344 778 fecit
1382 745 1462 776 iam
1500 748 1632 776 mater.

96 799 263 831 Gronouii
286 799 609 840 interpretationem
633 801 855 839 praeceperat
881 797 906 829 L
931 797 1117 829 humanum
1141 808 1245 838 supra
1270 797 1424 838 seript03
1461 800 1568 837 atque
1593 806 1632 827 eo

96 861 197 882 sensu
212 860 315 890 glenus
328 850 445 891 posuit
460 849 618 881 Herculis
635 849 755 881 Oetaei
769 852 873 890 poeta
888 849 941 886 63,
958 849 1032 886 760,
1051 849 1146 886 1810,
1165 849 1260 879 1862.

143 903 207 934 146
230 901 329 942 Verg.
353 901 439 932 Aen.
464 909 519 931 XII
542 901 605 932 839
628 910 733 940 supra
755 900 915 937 homines,
939 909 1044 940 supra
1067 900 1115 930 ire
1137 899 1212 930 deos
1232 899 1365 939 pietate,
1390 899 1509 930 Front.
1534 909 1567 939 p.
1591 899 1634 929 49

96 952 186 984 Nab.
208 962 245 983 ea
262 962 322 989 res,
343 962 459 983 uerum
476 951 593 989 dicere,
611 962 766 992 prorsum
783 951 856 982 deis
873 950 1125 991 hominibusque
1143 950 1261 987 ardua,
1281 950 1407 990 Porph.
1427 949 1470 981 de
1488 949 1571 990 phil.
1591 959 1634 980 ex

95 1014 186 1035 orac.
210 1003 308 1034 haur.
332 1003 403 1034 rell.
427 1002 480 1034 ed.
505 1003 620 1034 Wolff.
645 1013 703 1044 pp.
730 1003 791 1034 169
815 1012 866 1043 sq.
892 1001 1040 1043 (Philop.
1064 1002 1107 1033 de
1129 1001 1212 1043 opif.
1237 1001 1355 1032 mund.
1379 1010 1416 1031 IV
1439 1002 1495 1040 20)
1518 1003 1580 1031 τὰσ
1602 1004 1636 1032 ἐκ

96 1058 215 1086 τούτων
258 1056 411 1095 (ἄστρων)
454 1056 636 1095 συμβάσεισ
678 1056 930 1092 ἀκαταλήπτουσ
972 1056 1006 1085 οὐ
1047 1055 1142 1091 μόνον
1188 1055 1370 1092 ἀνθρώποισ
1388 1076 1394 1083 .
1411 1076 1417 1083 .
1433 1076 1440 1083 .
1459 1054 1543 1083 ἀλλὰ
1586 1054 1635 1082 καὶ

97 1107 251 1143 δαιμόνων
274 1108 339 1137 τισὶ
363 1108 414 1136 καὶ
438 1108 529 1144 θεῶν,
556 1108 680 1144 μᾶλλον
705 1107 738 1136 δὲ
762 1107 860 1136 πᾶσιν
885 1106 1009 1136 ἁπλῶσ.
1061 1107 1178 1145 captus
1199 1103 1408 1136 uocabulum
1428 1106 1550 1145 poetae
1566 1113 1636 1134 non

95 1157 202 1188 ferme
219 1160 399 1197 usurpant.

144 1210 207 1241 147
229 1216 267 1239 IV
284 1209 347 1239 733
364 1218 466 1247 qenus
480 1207 659 1247 proprium
674 1207 783 1238 simili
799 1206 858 1238 sub
875 1206 1000 1238 semine
1010 1206 1159 1247 fruqum.

143 1261 206 1292 156
229 1259 311 1290 Luc.
336 1267 364 1289 Π
386 1260 450 1290 535
473 1258 552 1289 libri
574 1258 703 1300 partim
727 1257 910 1299 effunditur
932 1258 1061 1299 partim
1081 1257 1307 1298 perfunditur,
1332 1265 1370 1288 IV
1394 1257 1457 1288 176
1477 1256 1634 1297 perfusas

95 1321 156 1352 pro
176 1310 299 1351 effusas
315 1310 390 1342 cod.
410 1310 511 1341 Bern.
531 1311 606 1341 370.
654 1312 808 1341 ceterum
824 1309 899 1340 dele
917 1308 1065 1341 Senecae
1083 1319 1304 1350 praenomen.

142 1364 205 1395 163
228 1361 330 1392 Mart.
350 1370 378 1392 11
394 1362 436 1393 40
454 1362 474 1391 5
490 1363 660 1391 saccentur
675 1373 709 1400 7,
728 1360 889 1391 siccentur
906 1363 939 1401 β,
959 1360 998 1398 Q.
1017 1359 1132 1391 Seren.
1151 1361 1193 1390 74
1210 1362 1359 1391 saccatus
1376 1359 1523 1399 corporis
1540 1369 1635 1390 umor

96 1413 153 1453 (ex
182 1412 281 1444 Lucr.
312 1421 350 1443 IV
382 1413 480 1451 1028)
510 1412 690 1443 Turnebus
720 1422 781 1453 pro
812 1411 964 1442 siccatus.
1012 1414 1186 1452 quantum
1215 1411 1351 1442 saeuiat
1381 1411 1417 1442 in
1447 1410 1633 1442 Germania

96 1463 224 1495 codicis
247 1463 460 1494 Matritensis
483 1473 582 1494 amor
604 1473 695 1494 nouo
719 1462 877 1503 exemplo
901 1462 1136 1494 declarabitur
1158 1463 1187 1493 si
1209 1462 1328 1493 dixero
1353 1462 1497 1493 doctum
1521 1462 1636 1492 uirum

97 1514 339 1546 Monacensem
367 1525 459 1546 nunc
487 1517 665 1545 mortuum
688 1514 773 1545 mihi
801 1514 932 1545 misisse
953 1513 1087 1554 faecata
1115 1514 1360 1551 coniecturam,
1386 1523 1492 1553 quam
1516 1522 1638 1545 uocem

97 1576 159 1607 pro
176 1565 365 1597 defaecatis
381 1565 491 1606 accipi
508 1565 659 1596 uolebat.

144 1619 207 1649 167
229 1616 272 1648 de
289 1625 318 1647 11
336 1617 445 1648 732-4
460 1619 581 1657 postea
597 1615 697 1647 aliter
712 1615 865 1648 indicaui
881 1627 888 1652 ;
918 1614 997 1647 uide
1014 1616 1119 1657 igitur
1134 1624 1156 1646 v
1172 1616 1238 1646 514
1253 1618 1289 1646 et
1305 1615 1366 1647 531
1385 1625 1436 1656 sq.

144 1670 207 1701 170
232 1671 276 1699 est
291 1670 446 1698 extremo
463 1667 578 1698 uersui
593 1667 769 1699 adiectum
784 1670 838 1698 est
853 1667 961 1698 etiam
977 1675 1005 1698 11
1021 1667 1085 1698 413
1101 1670 1137 1698 et
1153 1675 1176 1698 v
1191 1667 1267 1698 430.

145 1721 207 1752 171
230 1722 313 1750 ante
336 1719 426 1750 hunc
450 1729 589 1749 uersum
611 1718 778 1750 excidisse
801 1717 934 1758 aliquid
957 1718 1104 1750 coniecit
1127 1728 1148 1749 a
1171 1728 1226 1748 me
1248 1718 1422 1749 excitatus
1448 1717 1578 1748 Bollius
1601 1717 1638 1748 in

98 1770 264 1802 Deutsch.
280 1769 348 1801 Lit.
363 1780 418 1801 an.
436 1770 521 1801 1906
534 1780 568 1811 p.
583 1771 659 1807 481,
675 1769 768 1810 quod
782 1769 883 1810 quale
897 1769 1002 1800 fuerit
1015 1779 1085 1800 non
1097 1772 1240 1810 exputo‚
1255 1779 1366 1809 neque
1381 1769 1440 1809 qui
1453 1771 1636 1809 sequentes

99 1831 217 1852 uersus
240 1824 363 1862 poetae
385 1824 589 1861 argumento
612 1823 713 1861 aptos
736 1820 877 1851 reddere
899 1821 1064 1861 potuerit.
1112 1823 1295 1850 contractae
1315 1820 1433 1859 plaqae
1455 1829 1544 1860 quae
1566 1820 1637 1850 sint

98 1872 227 1904 frustra
255 1872 291 1903 in
318 1871 481 1904 fasciculo
510 1871 664 1903 thesauri
692 1871 773 1912 ling.
803 1871 881 1902 Lat.
911 1882 1001 1902 anno
1033 1871 1117 1903 1908
1144 1871 1239 1902 edito
1269 1871 1436 1911 quaesiui.
1483 1874 1637 1902 ceterum

99 1922 261 1964 Scaligeri
277 1933 396 1954 uersus
412 1931 441 1953 11
458 1923 521 1954 826
538 1922 721 1954 lectionem
739 1925 860 1963 postea
877 1922 1022 1954 deserui.

145 1976 209 2007 172
231 1973 440 2005 uersiculum
456 1984 517 2014 per
533 1984 568 2005 se
586 1973 716 2004 bonum
732 1983 804 2004 esse
821 1983 891 2004 non
907 1973 1116 2014 negauerim.

146 2028 209 2059 173
232 2025 317 2065 quod
336 2025 374 2055 ni
392 2028 433 2056 ut
452 2024 510 2056 Sil.
532 2033 582 2055 XV
601 2025 676 2062 663,
698 2023 787 2056 Stat.
808 2024 915 2055 Theb.
937 2033 975 2055 1v
994 2025 1058 2056 325
1079 2027 1106 2055 et
1125 2024 1164 2054 ni
1178 2035 1186 2061 ;
1219 2023 1279 2055 sed
1297 2024 1400 2055 huius
1419 2023 1499 2055 libri
1519 2024 1582 2055 827
1601 2026 1637 2055 et

99 2085 128 2107 11
143 2077 183 2107 67
200 2077 296 2116 (nam
310 2084 353 2107 m
367 2076 431 2107 206
446 2076 587 2115 omitto)
602 2075 687 2116 quod
702 2075 782 2106 nisi.
830 2084 844 2106 1
857 2076 921 2106 519
936 2085 1019 2115 quae
1034 2084 1091 2106 nec
1106 2075 1203 2114 tonqa
1217 2078 1253 2106 et
1268 2083 1305 2106 1v
1320 2076 1361 2106 65
1377 2074 1432 2105 cui
1447 2084 1504 2106 nec
1522 2074 1637 2112 Troia,

99 2127 159 2159 sed
182 2127 368 2159 undeciens
392 2137 504 2167 neque.
552 2135 566 2158 Ι
589 2128 654 2158 488
679 2137 694 2157 e
716 2126 792 2167 quis
817 2126 873 2167 (de
897 2136 966 2167 qua
990 2126 1102 2158 forma
1126 2129 1236 2157 metro
1261 2137 1331 2157 non
1355 2129 1498 2167 cogente
1522 2127 1638 2167 posita

98 2179 243 2210 disserui
264 2179 300 2210 in
321 2178 483 2210 Classical
504 2178 689 2219 Quarterly
710 2188 766 2209 an.
793 2178 876 2209 1923
898 2188 956 2218 pp.
982 2178 1041 2208 171
1065 2178 1132 2218 sq.)
1154 2180 1194 2208 ut
1215 2176 1274 2208 Sil.
1297 2186 1346 2208 xv
1368 2178 1409 2208 77
1430 2181 1466 2208 et
1488 2186 1553 2208 XVI
1574 2178 1638 2209 338

98 2233 132 2260 at
148 2229 224 2270 quis
239 2241 247 2267 ;
278 2229 337 2261 sed
355 2230 417 2260 261
436 2232 472 2260 et
490 2238 527 2260 IV
546 2230 609 2260 808
628 2239 644 2260 e
660 2228 780 2269 quibus
798 2229 990 2269 eademque
1007 2229 1087 2260 sede
1104 2229 1235 2269 passim
1253 2228 1291 2258 in
1307 2228 1438 2268 quibus,
1457 2232 1490 2259 at
1506 2228 1637 2269 quibus,

100 2280 236 2312 similia.
284 2289 322 2311 IV
342 2281 405 2311 882
425 2283 551 2321 quanta
570 2283 598 2311 et
614 2290 708 2320 pars,
726 2279 786 2311 sed
805 2288 819 2310 1
837 2280 879 2310 57
899 2282 1086 2320 quantaque
1104 2289 1214 2320 quam.
1262 2279 1351 2311 adde
1368 2290 1456 2320 quae
1473 2280 1518 2311 ad
1535 2289 1558 2311 v
1574 2281 1639 2311 614

99 2331 280 2363 adnotaui.

147 2384 210 2416 178
233 2392 347 2414 meam
374 2382 609 2414 coniecturam
638 2382 771 2413 inuerso
800 2382 974 2413 Breiterus
1002 2392 1063 2423 pro
1091 2392 1154 2413 sua
1181 2381 1339 2423 protulit,
1368 2381 1507 2413 aduerso
1535 2382 1637 2413 inter-

100 2436 270 2475 pretatus.

148 2486 211 2517 182
234 2483 405 2515 Phaethon
423 2483 634 2525 disyllabum
654 2484 717 2515 736
736 2483 823 2515 alius
843 2484 938 2515 modi
956 2486 1009 2515 est
1027 2486 1063 2515 et
1082 2483 1142 2514 uix
1159 2484 1425 2515 numerandum.

146 2537 209 2568 184
231 2535 320 2567 hanc
352 2535 493 2577 Epicuri
523 2535 736 2566 sententiam
767 2535 872 2566 fuisse
903 2534 990 2566 falso
1021 2534 1119 2572 dicit,
1150 2534 1236 2566 dum
1266 2545 1320 2566 me
1351 2535 1517 2576 corrigere
1548 2534 1637 2572 uult,

100 2586 230 2617 Bollius
245 2586 281 2617 in
295 2586 461 2618 Deutsch.
478 2586 546 2617 Lit.
563 2597 619 2617 an.
638 2586 721 2617 1906
737 2596 770 2627 p.
789 2587 853 2616 482
868 2588 904 2617 et
918 2588 998 2626 post
1013 2595 1093 2617 eum
1108 2586 1283 2617 Breiterus
1298 2589 1334 2617 et
1349 2586 1638 2627 Wageningenus.

99 2636 248 2678 Epicuro
283 2647 389 2668 unam
421 2647 562 2669 causam
595 2637 736 2668 reddere
768 2637 817 2667 rei
849 2646 938 2677 quae
966 2637 1081 2678 plures
1109 2637 1236 2669 habere
1265 2640 1381 2678 posset
1410 2641 1538 2674 μανικόν
1567 2647 1639 2668 esse

100 2688 286 2719 uidebatur
302 2699 310 2725 ;
342 2688 403 2728 qui
421 2688 505 2728 quid
524 2688 566 2719 de
585 2687 655 2719 sole
674 2688 805 2719 oriente
824 2691 860 2718 et
878 2687 1057 2720 occidente
1075 2689 1289 2729 praeceperit
1307 2699 1377 2719 non
1396 2698 1439 2719 ex
1458 2688 1639 2720 Cleomede

100 2738 228 2776 Stoico,
246 2739 310 2770 hoc
331 2742 385 2770 est
405 2739 543 2770 inimico
566 2749 628 2770 nec
650 2739 724 2769 ueri
745 2738 935 2770 admodum
956 2740 1139 2776 reuerenti,
1157 2743 1220 2770 aut
1241 2749 1284 2770 ex
1302 2738 1397 2771 Seru.
1415 2739 1501 2770 Aen.
1520 2747 1558 2770 IV
1575 2740 1640 2771 584

101 2790 161 2822 sed
177 2800 221 2821 ex
237 2790 336 2822 Lucr.
354 2798 377 2820 v
394 2790 524 2821 650-62
541 2793 577 2821 et
593 2790 693 2830 Diog.
711 2789 826 2821 Laert.
845 2798 870 2820 x
886 2790 928 2821 92
945 2790 1148 2822 discendum
1163 2793 1228 2822 est.

149 2843 212 2874 188
235 2843 350 2878 seruet,
368 2850 450 2881 quas
461 2840 594 2881 fecerat,
612 2849 649 2872 1v
667 2842 729 2872 762
747 2841 822 2872 colit
837 2865 844 2872 .
863 2864 870 2872 .
887 2865 894 2872 .
910 2851 993 2881 quae
1008 2841 1143 2872 uicerat.
