1855 3088
603 108 1085 152 ASTRONOMICON
1116 108 1157 150 V
1590 112 1644 151 35

276 221 473 275 incoquet
493 225 622 275 atque
640 220 830 261 Arabum
850 219 979 274 Syriis
998 219 1201 261 mulcebit
1221 220 1369 261 odores

154 302 220 334 265
275 299 318 336 et
336 294 494 336 medios
513 299 728 349 unguenta
748 294 868 336 dabit
886 293 1109 335 referentia
1128 293 1267 344 flatus,

275 374 324 410 ut
342 369 397 410 sit
416 368 621 410 adulterio
641 382 836 410 sucorum
855 368 991 423 gratia
1010 368 1158 409 maior.

274 442 506 484 munditiae
525 442 634 484 cordi
653 443 874 497 cultusque
894 447 1089 497 artesque
1108 442 1284 484 decorae

274 522 317 559 et
336 517 586 558 lenocinium
605 517 719 558 uitae
739 531 1017 571 praesensque
1036 516 1250 571 uoluptas.

275 591 453 646 Virginis
472 591 551 632 1100
570 591 670 632 anni
689 596 869 645 poscunt
888 590 1092 645 floresque
1112 590 1310 632 Coronae.

152 672 220 703 270
326 670 385 715 at,
406 679 502 706 cum
521 680 594 719 per
613 665 820 706 decimam
839 679 1090 719 consurgens
1110 664 1279 706 horrida
1298 669 1467 719 partem

274 739 396 794 Spica
415 739 521 781 feret
539 753 639 794 prae
658 753 701 780 se
720 739 919 780 uallantis
939 753 1089 793 corpus
1108 738 1274 788 aristas,

274 827 471 855 aruorum
489 813 706 868 ingenerat
725 813 916 855 studium
934 813 1124 868 rurisque
1144 812 1307 854 colendi

114 1030 192 1051 cum
223 1019 392 1052 Beoherto
423 1019 586 1060 antiquos
616 1029 777 1050 numeros
808 1019 945 1050 seruaui
1037 1020 1101 1052 264
1128 1017 1225 1060 syriis
1248 1018 1265 1038 *
1295 1018 1365 1059 (1101
1394 1018 1520 1059 suriis),
1549 1018 1646 1051 siluis

111 1070 200 1108 libri,
223 1071 317 1111 quod
339 1074 379 1102 ut
401 1080 539 1102 sensum
562 1071 732 1111 acciperet
754 1073 790 1101 et
812 1070 848 1101 in
870 1070 1036 1101 orationis
1059 1073 1271 1101 structuram
1294 1071 1440 1101 intraret
1463 1070 1645 1102 Reinesius

113 1121 199 1153 Scal.
217 1121 269 1152 ed.
288 1122 307 1152 3
324 1132 356 1162 p.
375 1122 413 1152 21
436 1121 583 1152 coniecit
601 1131 678 1161 eque
697 1120 848 1152 Arabum
863 1120 964 1151 siluis
982 1121 1128 1152 miscebit
1146 1120 1270 1158 odores,
1288 1131 1399 1162 neque
1415 1122 1507 1152 enim
1524 1121 1646 1153 odores

112 1172 205 1204 siluis
228 1172 432 1204 mulcentur.
481 1171 657 1209 mulcebit,
681 1172 745 1203 1100
768 1175 821 1203 est
843 1173 1019 1203 suauiores
1042 1172 1174 1209 reddet,
1198 1172 1364 1203 Arabicos
1387 1172 1508 1204 odores
1530 1173 1643 1214 Syria-

112 1234 229 1255 corum
260 1223 485 1260 admixtione,
517 1233 587 1264 quo
618 1223 789 1255 adulterio
819 1226 1010 1254 nascuntur
1040 1223 1145 1254 medii
1175 1224 1305 1264 quique
1336 1227 1502 1265 utrosque
1531 1225 1644 1265 gratia

112 1277 283 1316 superent.
332 1274 480 1306 Arabiae
505 1274 626 1306 odores
651 1274 782 1305 Plinius
806 1274 877 1305 n.h.
904 1283 959 1305 ΧΠ
984 1275 1126 1311 51-106,
1152 1274 1272 1315 Syriae
1299 1275 1426 1306 124-35
1452 1278 1644 1312 enumerat,

111 1325 267 1366 pluribus
294 1326 412 1357 mixtis
439 1328 617 1366 unguenta
643 1325 716 1356 fieri
743 1325 845 1356 docet
873 1334 942 1356 XIII
972 1326 1066 1356 1-18.
1115 1325 1288 1356 mulcendi
1315 1325 1461 1356 uerbum
1488 1325 1646 1357 similiter

111 1380 298 1418 usurpatur
323 1376 381 1408 Sil.
408 1385 460 1407 VI1
488 1377 549 1408 169
572 1376 718 1416 pocula.
739 1399 746 1407 .
767 1400 773 1407 .
792 1376 882 1407 sucis
908 1375 1047 1407 mulcere
1071 1375 1177 1416 Lyaei
1201 1387 1263 1407 nec
1289 1376 1400 1407 multo
1426 1376 1526 1408 aliter
1550 1377 1643 1409 Man.

111 1436 135 1458 v
154 1428 219 1459 333
240 1427 451 1467 mulcebitque
471 1438 550 1459 sono
574 1427 742 1459 Bacchum
833 1429 897 1460 265
918 1427 1053 1464 medios,
1075 1427 1121 1458 ad
1141 1427 1201 1459 illa
1222 1427 1260 1458 in
1283 1431 1400 1458 mutua
1423 1431 1458 1459 et
1483 1427 1645 1460 adulterio

110 1479 508 1510 accommodatissimum
529 1478 685 1515 uerbum,
707 1481 748 1510 ut
768 1479 898 1510 seruari
918 1481 1035 1520 posset
1056 1479 1240 1519 superioris
1261 1489 1380 1510 uersus
1401 1479 1644 1511 emendatione

109 1529 229 1561 effeci:
271 1533 472 1562 seruauerat
499 1530 640 1571 quidem
670 1530 870 1567 Bechertus,
900 1530 961 1561 sed
989 1530 1081 1561 idem
1110 1529 1178 1561 alia
1206 1530 1318 1561 multa
1346 1540 1437 1571 quae
1465 1530 1645 1563 intellectu

110 1583 275 1612 carerent.
324 1580 465 1612 medicos
495 1581 569 1612 cod.
597 1580 701 1619 Flor„
729 1581 847 1612 Medos
878 1581 1067 1618 Bentleius,
1093 1582 1154 1622 qui
1184 1581 1333 1613 alterum
1363 1581 1509 1613 odorum
1538 1592 1646 1623 genus

110 1631 225 1663 deesse
254 1632 385 1673 optime
413 1635 566 1663 senserat
656 1631 841 1673 referentia,
871 1632 1063 1669 reddentia,
1093 1633 1299 1674 respirantia
1390 1634 1455 1665 266
1483 1633 1645 1665 adulterio

110 1683 401 1723 antiquissimum,
432 1686 473 1714 ut
503 1683 652 1720 uidetur,
683 1683 785 1714 huius
816 1683 1055 1714 translationis
1086 1683 1285 1724 exemplum
1315 1683 1412 1715 deest
1441 1684 1529 1715 thes.
1562 1684 1643 1726 ling.

109 1733 185 1764 Lat.
207 1742 220 1764 1
238 1744 270 1775 p.
292 1735 355 1766 883
374 1735 428 1771 46,
448 1734 547 1765 adest
565 1734 640 1765 1000
659 1734 771 1765 alieno
789 1745 822 1776 p.
844 1735 907 1766 882
928 1735 968 1766 82
1061 1736 1125 1767 267
1144 1733 1237 1766 cordi
1255 1734 1375 1766 addidi
1394 1734 1523 1766 collato
1542 1735 1642 1777 Verg.

109 1783 194 1815 Aen.
215 1793 255 1815 IX
273 1785 336 1816 615
355 1784 501 1816 desidiae
519 1785 620 1822 cordi,
639 1795 729 1826 quae
747 1796 816 1816 uox
836 1786 963 1816 omissa
981 1788 1017 1816 et
1035 1785 1070 1816 in
1089 1786 1242 1826 margine
1261 1785 1398 1816 adiecta
1416 1796 1521 1817 causa
1539 1787 1645 1819 fuisse

108 1838 225 1876 potest
256 1846 316 1866 cur
346 1835 423 1867 libri
453 1836 489 1867 in
519 1835 586 1867 fine
617 1846 736 1867 uersus
766 1836 874 1867 decori
903 1836 1104 1877 praebeant.
1153 1836 1288 1867 facilius
1319 1836 1503 1868 excidisset
1533 1847 1644 1875 curae,

108 1885 169 1917 sed
204 1897 266 1917 neo
301 1897 385 1923 song>
422 1886 685 1918 commendatur
720 1897 782 1918 nec
818 1887 993 1928 praesenti
1027 1887 1205 1928 uoluptati
1240 1888 1415 1918 conuenit.
1464 1888 1644 1921 Bentleius

106 1936 238 1977 placent
257 1940 337 1978 post
356 1937 525 1977 cultusque
544 1939 699 1974 inseruit,
720 1939 849 1979 priores
869 1948 948 1969 cum
969 1938 1043 1969 cod.
1066 1938 1155 1969 Flor.
1178 1937 1300 1969 adsunt
1390 1938 1532 1971 decorae
1552 1939 1643 1972 Flor.

108 1991 144 2019 et
161 1988 272 2024 Bodl.‚
289 1988 402 2020 decori
417 1987 519 2027 GLM,
536 1988 649 2020 doceri
665 1989 738 2020 cod.
757 1989 911 2020 Venetus
927 2001 934 2020 :
964 1989 1044 2020 uide
1063 1990 1124 2020 146
1140 1999 1221 2020 cura
1236 1989 1292 2020 sui
1307 1989 1436 2020 cultus
1467 1990 1643 2031 artisque

107 2038 281 2076 decorae,
315 2039 375 2071 ubi
408 2040 492 2071 item
526 2040 609 2072 Ven.
645 2040 762 2071 decori.
810 2040 876 2072 hoc
909 2040 1095 2072 Stoeberus
1128 2041 1329 2081 genetiuum
1363 2051 1435 2072 esse
1469 2041 1554 2073 dicit

154 2092 218 2123 268
249 2090 451 2122 lenocinium
482 2091 583 2129 uitae,
615 2101 706 2132 quae
736 2092 848 2123 uitam
879 2092 1066 2132 gratiorem
1097 2091 1246 2123 reddant
1337 2093 1401 2124 269
1433 2092 1530 2124 anth.
1564 2093 1642 2125 Lat.

109 2140 199 2172 Ries.
223 2142 286 2172 646
306 2142 350 2173 49
370 2151 420 2182 sq.
443 2141 566 2182 colliqe,
588 2142 694 2182 uiryo,
716 2152 819 2179 rosas,
841 2142 921 2173 dum
934 2142 1001 2183 flos
1022 2152 1131 2173 nouus
1152 2146 1181 2173 et
1201 2152 1291 2173 noua
1309 2142 1424 2182 pubes,
1448 2141 1452 2186 Ι
1472 2147 1501 2174 et
1521 2154 1644 2176 memor

106 2194 172 2223 esto
196 2202 318 2223 aeuum
342 2192 390 2224 sic
412 2203 591 2233 properare
617 2196 721 2230 tuum,
749 2193 835 2224 Plin.
863 2194 933 2225 n.h.
961 2202 1028 2224 XXI
1053 2194 1072 2224 2
1092 2193 1194 2234 flores
1212 2217 1219 2224 .
1239 2217 1246 2224 .
1267 2217 1274 2224 .
1292 2193 1467 2233 odoresque
1493 2194 1530 2226 in
1555 2195 1643 2227 diem

105 2243 211 2283 yiqnit
233 2244 361 2283 (rerum
383 2245 536 2283 natura),
560 2254 692 2284 maqna,
715 2248 752 2275 ut
771 2244 888 2284 palam
910 2248 967 2281 est,
991 2244 1216 2276 admonitione
1238 2244 1423 2281 hominum,
1446 2255 1530 2285 quae
1551 2256 1641 2287 spec-

105 2293 267 2325 tatissime
285 2294 428 2335 floreant
452 2294 616 2326 celerrime
641 2305 834 2326 marcescere
926 2297 1079 2328 270-292
1104 2305 1183 2326 eum
1209 2294 1343 2326 decima
1367 2295 1516 2337 Virginis
1541 2300 1642 2338 parte

108 2345 217 2376 oritur
243 2345 355 2387 Spica.
404 2356 445 2377 ea
472 2356 554 2377 uero
581 2356 644 2377 nec
671 2346 825 2378 decimae
848 2356 911 2378 nec
934 2346 996 2377 ulli
1018 2347 1112 2387 parti
1140 2348 1375 2387 παρανατέλλει
1403 2346 1463 2378 sed
1491 2357 1561 2378 una
1588 2351 1642 2380 est

105 2405 148 2426 ex
166 2396 273 2437 ipsius
291 2396 439 2437 Virginis
458 2396 577 2434 stellis,
596 2407 666 2428 non
684 2397 804 2438 procul
822 2397 867 2428 ab
886 2400 1041 2429 extremo
1060 2397 1157 2438 signo
1175 2397 1301 2439 posita,
1320 2400 1420 2438 parte
1439 2406 1530 2429 XXVI
1549 2398 1640 2431 Ptol.

105 2453 198 2487 synt.
220 2455 273 2478 vn
291 2449 311 2478 5
332 2447 447 2488 (Heib.
470 2448 538 2480 uol.
560 2457 573 2479 1
592 2449 615 2479 ii
635 2459 692 2490 pp.
717 2449 778 2480 102
799 2449 865 2489 sq.)
958 2450 1111 2482 270—272
1130 2458 1205 2480 cum
1219 2447 1313 2489 feret,
1335 2448 1526 2488 ingenerat:
1561 2450 1641 2482 uide

105 2497 151 2528 ad
170 2506 184 2529 1
201 2499 266 2530 469
358 2500 421 2532 270
438 2509 498 2539 per
517 2499 678 2530 decimam
694 2502 834 2539 partem,
856 2500 918 2530 647
936 2509 997 2539 per
1015 2502 1172 2530 extremos
1189 2522 1197 2530 .
1217 2522 1224 2530 .
1245 2523 1252 2530 .
1271 2498 1385 2530 Pisces
1477 2502 1539 2533 271
1559 2509 1641 2542 prae

104 2556 141 2580 se
159 2548 318 2590 Scaliger,
337 2558 496 2590 praesens
515 2550 604 2587 libri,
624 2553 664 2581 ut
683 2550 772 2582 Stat.
793 2550 899 2582 Theb.
921 2559 964 2581 111
982 2551 1046 2582 433
1066 2561 1086 2581 a
1104 2551 1217 2591 prima
1235 2560 1341 2581 manu
1360 2550 1388 2581 P
1478 2550 1641 2584 uallantis

105 2598 152 2637 M,
171 2599 317 2632 ualentis
337 2599 402 2639 GL,
423 2609 487 2641 que
506 2600 660 2632 ualentes
680 2601 753 2633 cod.
775 2601 938 2632 Venetus.
988 2601 1137 2633 contulit
1157 2601 1334 2632 Bentleius
1354 2601 1421 2632 Cic.
1443 2601 1485 2632 de
1504 2612 1574 2633 sen.
1596 2605 1635 2634 51

104 2653 218 2682 contra
253 2651 373 2682 auium
408 2652 577 2683 minorum
612 2662 741 2683 morsus
778 2652 929 2683 munitur
964 2652 1054 2683 uallo
1091 2653 1272 2683 aristarum
1364 2654 1517 2685 272-292
1552 2653 1639 2685 facit

105 2699 207 2742 Spica
233 2702 410 2743 agricolas,
438 2703 596 2744 pistores,
622 2702 815 2743 laquearios
907 2705 1060 2736 272-279
1087 2714 1129 2735 ex
1158 2713 1270 2743 aequo
1293 2706 1472 2743 ponuntur
1493 2704 1637 2735 nomina

106 2754 142 2783 et
166 2751 341 2790 infinitiui,
368 2753 529 2791 studium,
555 2753 691 2790 credere,
718 2754 822 2794 sequi,
849 2764 1013 2794 quaerere,
1039 2754 1134 2791 artis,
1161 2757 1202 2785 ut
1227 2762 1264 2785 IV
1290 2754 1400 2785 285-9
1423 2756 1459 2784 et
1482 2753 1565 2785 locis
1589 2755 1638 2787 ibi

107 2801 256 2840 adlatis;
300 2804 345 2835 ad
373 2804 456 2836 artic
485 2807 604 2837 autem
633 2815 695 2847 per
723 2805 979 2847 appositionem
1007 2805 1179 2838 accedunt
1201 2804 1338 2836 subdere
1357 2803 1473 2836 ducere
1496 2815 1638 2846 merqere
