1855 3088
169 108 249 145 158
466 106 527 147 Μ.
560 105 812 148 MANILII
844 105 1325 149 ASTRONOMICON
1358 107 1399 149 V

210 214 273 245 534
297 212 494 253 duplicatae
518 213 553 245 in
578 213 693 245 uerbis
716 213 929 254 interpositis
953 217 981 245 et
1005 213 1196 255 particulae
1219 214 1417 256 exemplum
1440 215 1556 247 inueni
1580 215 1615 247 in
1639 214 1697 248 Sil.

164 272 199 294 VI
218 265 281 295 277
299 275 348 305 sq.
368 265 494 304 inyenti
510 265 617 296 εαιιιῖιῖ
645 269 678 295 ct
710 265 859 296 iaculis
890 269 923 296 et
952 265 1095 305 pondere
1106 266 1194 297 conti
1216 264 1220 308 Ι
1240 266 1347 297 haeret
1359 266 1462 297 humi.
1512 267 1590 298 uide
1603 277 1697 308 prae-

163 317 257 347 terea
280 316 403 347 Catuli.
431 318 470 348 14
493 318 531 347 21
558 327 617 347 uos
640 316 716 347 hinc
741 316 864 348 interea
886 317 990 348 ualetc
1013 317 1098 349 abite
1121 318 1213 357 (hinc
1237 317 1344 357 abite)
1368 322 1404 349 ct
1426 319 1557 350 Lucani
1580 328 1699 350 uersus

162 374 215 397 VII
232 368 340 399 656-8
371 367 406 398 in
436 367 588 399 editione
619 378 695 399 mea
725 369 975 409 interpunctos,
1008 369 1134 409 quibus
1164 369 1314 400 alterum
1343 369 1458 401 Iocum
1488 369 1579 401 addo
1610 369 1699 402 male

161 416 327 459 distingui
344 418 486 450 solitum
507 419 604 451 anth.
631 419 703 450 Pal.
728 428 765 451 VI
786 421 828 451 40
853 421 867 451 l
892 430 942 461 sq.
966 422 1009 451 τὼ
1032 422 1088 461 βόε
1111 432 1176 458 μοι,
1202 422 1290 451 σῖτον
1315 423 1347 452 δὲ
1372 424 1576 460 τετεύχατον,
1600 422 1699 458 ἵλαθι,

161 471 250 507 Δηοῖ,
271 467 428 512 Ιδέχνυσο
450 471 476 501 δ’
499 472 532 502 ἐκ
552 472 671 509 μάζησ,
689 473 743 502 οὐκ
765 473 829 502 ἀπὸ
849 474 1025 512 βουκολίων
1048 472 1105 511 (τὼ
1126 474 1181 512 βόε
1203 473 1363 512 δέχνυσο).
1411 472 1518 503 etiam
1534 471 1699 504 Miltonus

160 521 311 561 paradisi
327 522 443 553 amissi
459 530 487 552 11
502 522 565 554 917
581 532 631 563 sq.
652 522 659 535 ‘
674 523 748 554 into
764 523 834 554 this
849 522 929 554 wild
944 523 1048 565 abyss
1067 523 1127 555 the
1142 523 1244 555 warie
1259 523 1350 555 fiend
1372 521 1377 567 Ι
1397 523 1517 555 stood
1549 534 1598 555 on
1629 523 1699 555 the

161 571 279 603 brink
311 573 352 604 of
382 573 463 604 hell
495 573 573 604 and
605 573 722 605 look’d
739 584 759 605 a
775 574 876 605 while
891 573 910 606 '.

206 625 359 657 542—546
383 624 476 656 Vett.
505 624 579 656 Val.
606 635 638 666 p.
668 626 708 656 15
733 626 818 657 3l-3
847 628 908 664 τῆσ
933 627 966 657 δὲ
994 627 1160 666 Παρθένου
1187 628 1219 657 αἱ
1247 628 1370 667 πρῶται
1397 628 1500 667 μοῖραι
1528 625 1558 665 ζ’
1583 625 1700 667 Ἑρμοῦ

159 675 360 715 ὑψηλόταται
392 677 578 714 διοικητικαὶ
609 679 788 717 πολύσοφοι
821 679 986 715 ἐπιεικεῖσ,
1020 679 1072 709 ἐπὶ
1104 679 1301 719 πραγμάτων
1330 680 1508 710 τάσσουσαι
1538 680 1699 718 μεγάλων,

158 728 374 758 συνετώταται
391 730 443 759 καὶ
460 728 565 759 πάντα
582 731 725 768 γενναῖαι
743 731 793 760 καὶ
812 730 924 769 ἔξοχοι.

205 780 269 811 544
290 789 350 819 per
367 779 539 819 inperium
554 790 617 821 pro
635 779 672 811 in
689 780 820 820 inperio
838 781 947 822 accipi
964 783 1092 822 potest.

190 831 354 864 547-552
378 830 471 862 Vett.
498 831 573 862 Val.
599 842 631 873 p.
660 832 699 863 16
726 833 766 864 16
789 842 839 873 sq.
865 835 920 864 τοῦ
945 834 978 864 δὲ
1003 834 1107 872 Ζυγοῢ
1130 834 1161 863 αἱ
1187 834 1307 873 πρῶται
1332 832 1362 871 ζ’
1388 833 1508 873 Κρόνου
1531 833 1698 873 βασιλικαὶ

157 881 277 921 ὑψηλαὶ
295 884 475 921 πρακτικαί.

203 935 267 966 552
290 933 410 965 similis
428 934 512 966 ordo
531 934 612 966 Luc.
633 943 672 966 VI
692 936 798 966 1224
816 935 1030 976 interpositis
1048 939 1077 967 et
1095 935 1230 976 inpulso
1249 939 1353 967 turres
1371 935 1574 977 confrinyere
1592 935 1693 973 uallo,

156 991 181 1015 x
201 985 310 1016 295—7
332 995 389 1017 nec
410 985 505 1017 licuit
523 986 662 1027 populis
680 997 830 1027 paruum
850 990 888 1025 te,
912 987 1002 1025 Nile,
1024 987 1146 1019 uidere.
1195 987 1274 1019 uide
1296 988 1403 1019 etiam
1423 997 1514 1029 quae
1534 997 1626 1019 nunc
1648 987 1693 1019 ad

155 1034 247 1067 Man.
267 1045 280 1067 1
296 1037 357 1068 251
377 1037 555 1069 adnotaui.

200 1090 263 1121 553
286 1087 382 1121 Arat.
408 1090 472 1122 402
496 1099 546 1131 sq.
572 1091 725 1129 αἰθομένῳ
754 1092 869 1131 κέντρῳ
896 1092 1013 1131 τέραοσ
1039 1089 1386 1134 μεγάλοιοΙΣκορπίου
1410 1090 1514 1123 schol.
1541 1089 1694 1132 λαμπρῷ·

155 1139 367 1180 λαμπρότεροι
383 1142 446 1181 γάρ
462 1143 540 1172 εἰσιν
560 1143 584 1172 οἱ
602 1143 655 1173 ἐπὶ
671 1144 726 1173 τοῦ
742 1143 871 1182 κέντρου
888 1144 1078 1181 ἐπικείμενοι
1095 1143 1241 1183 ἀστέρεσ.

200 1192 352 1225 560-563
376 1191 470 1224 Vett.
501 1192 576 1224 Val.
607 1203 639 1234 p.
673 1195 712 1225 17
744 1195 849 1226 18-20
881 1193 1059 1235 Sagittarii
1090 1197 1206 1236 partes
1237 1194 1371 1226 mediae
1401 1196 1544 1234 εὔκρατοι
1578 1195 1694 1233 ἔνδοξοι

153 1245 309 1280 νικητικαῖ
326 1245 564 1284 στεφανηφόροι
583 1246 759 1285 θεοσεβεῖσ,
777 1247 959 1284 τιμωμένων
977 1247 1098 1286 ἀνδρῶν
1115 1249 1147 1277 ἐν
1165 1247 1279 1286 ὅχλοισ
1295 1247 1346 1277 καὶ
1364 1246 1438 1287 παρ’
1456 1246 1619 1285 ἡγεμόσιν.

200 1295 263 1327 569
286 1293 387 1326 dictat
403 1307 409 1326 :
435 1295 525 1327 adde
542 1295 699 1337 Pingraei
716 1296 996 1329 emendationem
1012 1306 1034 1329 v
1052 1298 1126 1329 337.

200 1347 263 1379 580
287 1356 336 1386 sq.
348 1346 497 1387 profuyit
510 1347 547 1378 in
559 1347 669 1379 unctas
683 1347 847 1388 Typhona
859 1348 1046 1380 barbarum
1056 1359 1127 1380 esse
1138 1359 1180 1380 ne
1192 1348 1350 1380 Bentleio
1363 1348 1492 1386 credas,
1505 1348 1599 1389 quod
1608 1347 1692 1380 fecit

153 1396 339 1434 Breiterus,
365 1398 444 1429 uide
470 1398 534 1430 Iul.
562 1399 675 1430 Parid.
702 1400 784 1441 epit.
812 1399 887 1431 Val.
914 1400 1005 1432 Max.
1034 1409 1077 1431 111
1102 1401 1121 1432 8
1145 1402 1166 1431 4
1193 1400 1348 1432 Metellus
1374 1400 1589 1437 Numidicus,
1615 1410 1691 1432 cum

152 1448 427 1481 animaduerteret
442 1460 504 1490 quo
521 1450 684 1482 tenderent
699 1450 881 1483 Saturnini
896 1452 968 1483 trib.
984 1452 1031 1492 pl.
1050 1456 1197 1489 conatus,
1214 1452 1304 1483 solus
1333 1452 1375 1484 in
1406 1451 1573 1483 exilium
1604 1452 1690 1483 eius

151 1499 252 1540 leqes
281 1500 477 1542 profuqit,
510 1512 614 1543 quem
639 1502 754 1534 locum
779 1504 904 1535 iniuria
928 1506 1107 1545 temptant
1132 1504 1192 1545 qui
1217 1504 1319 1535 huius
1345 1514 1414 1535 non
1441 1504 1685 1535 meminerunt.

152 1554 306 1583 ceterum
331 1553 426 1593 quod
449 1552 602 1585 Marxius
626 1554 715 1586 Abh.
735 1554 766 1585 d.
786 1555 967 1596 pini-hist.
987 1555 1044 1587 Kl.
1064 1555 1095 1587 d.
1115 1555 1224 1587 sachs.
1243 1555 1354 1587 Akad.
1381 1555 1413 1586 d.
1435 1555 1534 1587 Wiss.
1558 1563 1691 1586 XXXVII

150 1603 162 1634 i
177 1613 209 1644 p.
228 1604 271 1635 49
288 1603 330 1635 de
345 1604 410 1636 hoc
426 1615 528 1636 uersu
544 1605 727 1646 disputans
743 1610 862 1638 extare
878 1610 982 1648 negat
998 1617 1158 1649 praesens
1173 1606 1324 1648 p7·5fu9it
1339 1610 1439 1638 extat
1456 1606 1586 1638 Colum.
1606 1615 1631 1638 x
1647 1607 1689 1638 56

151 1654 208 1686 sed
224 1655 372 1695 trepidus
386 1655 535 1697 profuyit
552 1656 680 1689 Chelas

197 1708 261 1740 592
283 1706 328 1738 M.
346 1707 505 1740 Aurelius
520 1708 639 1740 Front.
656 1709 708 1741 ed.
725 1709 814 1741 Nab.
831 1720 863 1751 p⁴
881 1711 920 1742 31
952 1709 1012 1742 sol
1040 1710 1169 1742 lautum
1185 1710 1228 1742 ad
1245 1710 1413 1742 Oceanum
1438 1709 1657 1751 profectus.

197 1760 260 1792 595
284 1758 350 1790 Cic.
382 1758 424 1790 de
451 1770 521 1801 rep.
553 1769 581 1791 11
609 1761 629 1792 8
658 1761 791 1792 insulae
819 1761 994 1799 Graeciae,
1022 1771 1105 1802 quae
1131 1761 1330 1803 fluctibus
1361 1761 1514 1793 cinctae
1544 1764 1685 1792 natant

147 1819 254 1849 paene
270 1809 364 1850 ipsae
379 1810 483 1841 simul
497 1821 572 1842 cum
587 1812 779 1844 ciuitatium
795 1812 958 1844 institutis
974 1816 1002 1844 et
1018 1813 1176 1851 moribus,
1193 1813 1274 1845 Luc.
1292 1822 1360 1845 VIII
1376 1814 1439 1845 797
1455 1823 1505 1854 sq.
1523 1822 1589 1853 qua
1604 1816 1689 1844 terra

150 1864 292 1892 extrema
308 1861 417 1902 refuso
440 1860 444 1904 Ι
462 1863 603 1902 pendet
633 1863 670 1895 in
687 1863 825 1895 Oceano.

196 1914 259 1946 597
282 1913 330 1944 eis
350 1914 411 1954 qui
431 1914 597 1946 creticum
617 1918 782 1956 sequente
804 1915 899 1947 breui
919 1916 1084 1948 eliserunt
1104 1916 1284 1948 addendus
1303 1915 1373 1948 fuit
1394 1916 1510 1949 Ouidii
1529 1916 1689 1948 imitator

150 1963 220 1995 her.
240 1972 307 1995 VIII
324 1965 362 1996 71
384 1964 515 1996 Castori
532 1966 710 2007 Amyclaeo
726 1979 733 2003 ;
763 1977 846 1998 nam
863 1968 921 2008 qui
940 1967 1072 1999 Castori
1088 1978 1150 2009 pro
1167 1967 1308 2010 dactylo
1324 1967 1431 2000 habet
1448 1968 1485 1999 L.
1504 1967 1687 1999 Muellerus

150 2015 192 2046 de
211 2025 286 2046 r.m.
309 2026 341 2057 p.
365 2017 428 2048 342
449 2017 501 2048 ed.
524 2018 543 2048 2
565 2017 693 2059 duplici
713 2029 825 2050 errore
845 2019 962 2060 lapsus
983 2022 1046 2057 est,
1068 2030 1147 2051 cum
1168 2019 1336 2052 Graecam
1354 2020 1427 2051 eius
1448 2019 1687 2051 declinationis

149 2066 261 2098 datiui
288 2067 438 2099 formam
466 2069 526 2109 qui
554 2068 618 2100 soli
646 2069 842 2102 admittunt
871 2070 1027 2103 Catullus
1056 2074 1091 2103 et
1120 2071 1253 2103 Statius
1281 2081 1351 2103 non
1378 2071 1534 2108 elidant;
1576 2080 1687 2112 neque

148 2127 296 2158 usquam
314 2118 410 2150 illam
429 2129 484 2151 me
502 2120 659 2152 uocalem
678 2121 797 2153 elisam
817 2122 933 2154 uidere
952 2123 1093 2154 memini
1112 2125 1357 2164 praeterquam
1376 2122 1472 2154 anth.
1494 2122 1570 2154 Lat.
1592 2122 1684 2153 Ries.

148 2170 212 2201 743
232 2171 245 2201 1
270 2169 322 2201 Isi
337 2181 356 2201 o
367 2170 465 2211 fruye
481 2182 581 2203 noua.

194 2223 257 2255 605
281 2221 323 2253 de
345 2221 457 2262 tiyrim
479 2224 680 2256 accusatiuo
702 2233 725 2256 V
748 2226 811 2256 707
835 2225 1069 2257 dubitandum
1092 2236 1162 2257 non
1184 2228 1249 2263 est,
1273 2225 1422 2257 habetur
1444 2225 1537 2257 enim
1560 2234 1597 2257 IV
1619 2226 1684 2257 235

148 2271 275 2304 Latina
290 2272 457 2314 pluratiui
473 2274 595 2306 forma.

192 2326 256 2357 609
279 2325 418 2356 nomina
434 2336 496 2366 pro
513 2326 677 2367 singulari
694 2330 734 2358 ut
751 2327 834 2359 Hor.
854 2338 958 2359 carm.
978 2337 1021 2359 III
1037 2329 1078 2360 27
1097 2330 1138 2360 76
1155 2331 1190 2360 et
1207 2337 1245 2360 IV
1261 2329 1280 2359 2
1298 2330 1328 2360 4.

192 2377 255 2408 610
279 2385 329 2416 sq.
351 2376 499 2408 fortasse
533 2381 639 2411 uetat
670 2389 806 2419 aequore
851 2379 971 2411 bellum
992 2378 996 2423 Ι
1019 2379 1206 2420 Illyricum,
1252 2379 1414 2421 prohibet
1459 2379 1596 2421 Illyrios
1641 2390 1684 2411 ne

148 2426 276 2458 bellum
291 2428 402 2467 (cuius
417 2428 546 2460 sublati
560 2439 677 2461 recens
692 2431 857 2462 memoria
872 2432 959 2470 erat)
975 2431 1011 2462 in
1026 2431 1167 2463 Italiam
1181 2431 1394 2463 transferant
1409 2443 1416 2463 :
1445 2431 1526 2462 uide
1539 2431 1614 2463 Val.
1631 2430 1682 2462 Fl.

147 2486 216 2509 VIII
229 2479 292 2510 303
306 2488 355 2519 sq.
372 2489 429 2511 nec
443 2479 574 2520 lonqius
588 2480 682 2518 inter,
706 2479 710 2523 Ι
729 2491 829 2521 quam
842 2482 927 2522 quod
940 2482 1003 2514 tela
1016 2485 1109 2519 uetet,
1124 2486 1271 2523 superest
1285 2493 1385 2520 mare,
1400 2482 1476 2515 Sen.
1492 2482 1581 2514 H.O.
1600 2483 1684 2514 1624

144 2539 281 2570 quercus
297 2554 303 2560 .
321 2554 328 2561 .
346 2554 353 2561 .
370 2530 538 2562 Phoebum
561 2535 659 2569 uetat,
684 2533 770 2564 Hor.
794 2543 899 2564 carm.
924 2542 952 2564 II
974 2535 1011 2565 11
1034 2535 1094 2565 1-3
1116 2534 1198 2574 quid
1218 2533 1392 2566 bellicosus
1406 2557 1413 2565 .
1431 2559 1436 2565 .
1455 2559 1460 2565 .
1476 2533 1632 2575 Scythes.
1650 2558 1657 2566 .
1674 2558 1681 2565 .

145 2580 259 2621 coqitet
282 2581 417 2612 Hadria
432 2582 436 2623 1
453 2582 587 2614 diuisus
615 2583 746 2621 obiecto,
776 2584 868 2615 Flor.
894 2593 908 2615 1
931 2585 974 2617 39
1000 2587 1014 2617 1
1042 2585 1207 2616 Thraces.
1225 2610 1231 2616 .
1249 2611 1255 2617 .
1272 2585 1310 2616 in
1332 2585 1572 2617 Hadriaticum
1595 2595 1685 2617 mare

145 2642 248 2673 usque
269 2636 442 2670 uenerunt,
467 2644 564 2674 eoque
580 2635 652 2675 fine
676 2635 809 2666 coerciti
831 2635 930 2676 quasi
954 2636 1194 2668 interueniente
1218 2640 1341 2668 natura
1363 2640 1508 2668 contorta
1528 2636 1566 2668 in
1590 2637 1684 2678 ipsas

144 2694 249 2724 aquas
277 2683 341 2715 tela
367 2684 539 2716 miserunt.
588 2688 741 2718 ceterum
771 2686 891 2728 Ilyrici
906 2711 912 2719 .
930 2711 937 2719 .
955 2712 963 2719 .
979 2687 1017 2719 in
1043 2687 1111 2719 solo
1138 2688 1173 2720 in
1200 2699 1302 2720 uersu
1329 2688 1558 2720 immodulato
1585 2689 1682 2721 anth.

143 2736 247 2777 epigr.
275 2735 402 2768 Buech.
429 2737 470 2768 82
495 2738 513 2768 7
540 2737 730 2778 ‘Augustei
753 2738 823 2769 fere
847 2739 924 2770 aeui
940 2739 960 2776 ⁷,
986 2739 1023 2771 in
1049 2739 1187 2771 Illurico
1212 2740 1325 2771 infans
1352 2743 1456 2782 poeta
1482 2740 1564 2772 ibid.
1594 2742 1635 2773 77
1661 2742 1681 2772 5

147 2787 153 2800 ‘
169 2786 295 2818 saeculi
312 2787 413 2828 primi
431 2798 451 2818 a
468 2788 603 2819 Christo
619 2788 638 2819 ⁹.

189 2839 252 2871 616
277 2837 357 2870 Isid.
376 2839 459 2879 orig.
477 2847 531 2870 XII
548 2841 567 2871 7
583 2841 626 2871 49
640 2839 759 2880 phasis
774 2843 810 2872 et
819 2840 958 2882 fasidiS,
975 2841 1074 2874 Lucr.
1093 2850 1116 2874 V
1132 2843 1196 2874 928
1212 2846 1329 2883 aptum
1344 2846 1380 2875 et
1395 2846 1546 2884 apertum
1561 2843 1650 2875 libri.
