1855 3088
584 111 1068 156 ASTRONOMICON
1099 113 1139 154 V
1571 117 1625 155 47

259 230 302 267 et
321 225 400 267 sibi
419 240 504 267 non
523 239 694 280 aegrum
712 225 961 267 iamdudum
980 226 1146 267 credere
1166 239 1328 280 corpus.

311 299 423 341 hunc
443 299 557 341 subit
575 298 870 354 Arquitenens,
891 299 1009 341 cuius
1028 314 1126 354 pars
1145 300 1294 355 quinta
1314 300 1522 342 nitentem

257 373 485 415 Arcturum
504 373 691 415 ostendit
709 378 854 427 ponto.
913 388 996 428 quo
1016 378 1206 428 tempore
1224 374 1337 415 natis

258 448 446 489 Fortuna
465 447 556 502 ipsa
576 461 672 488 suos
692 448 821 488 audet
841 447 1104 489 committere
1123 462 1283 497 00115115,

135 528 203 561 360
257 521 405 576 regalis
424 526 474 562 ut
493 536 592 576 opes
612 525 655 562 et
674 526 821 563 sancta
841 521 1000 563 aeraria
1020 527 1189 563 seruent

257 601 479 650 regnantes
499 595 577 636 sub
596 609 690 650 rege
710 609 785 636 suo
805 610 1027 650 rerumque
1046 595 1239 646 ministri,

257 670 520 724 tutelamque
539 674 688 724 gerant
707 669 863 723 populi,
886 669 1134 711 domibusue
1154 670 1343 724 regendis

257 743 485 798 praepositi
505 758 625 785 curas
644 743 779 784 alieno
799 743 941 784 limine
961 743 1174 785 claudant.

310 818 592 873 Arquitenens
611 832 708 859 cum
727 832 770 859 se
789 822 932 859 totum
951 817 1197 872 produxerit
1216 818 1353 868 undis,

98 919 260 951 medicum
288 919 465 950 uidebant.
514 920 542 950 is
571 918 700 950 scilicet
729 919 855 950 aetatis
884 929 966 950 suae
995 919 1245 951 consuetudine
1274 920 1324 950 ita
1353 920 1495 951 uocauit
1524 930 1628 961 quem

99 970 285 1002 Columella
300 970 550 1007 ueterinarium,
568 971 664 1001 cuius
679 970 828 1002 hominis
845 981 937 1007 cura,
955 980 1034 1001 cum
1050 971 1140 1001 forte
1156 970 1405 1002 mulomedjcus
1421 970 1628 1012 appellatur,
1655 978 1658 983 '

98 1031 168 1053 non
186 1021 262 1053 ideo
279 1021 452 1052 mulorum
470 1021 687 1052 mularumue
705 1022 844 1062 propria
862 1021 903 1053 fit
921 1022 1029 1062 magis
1047 1031 1154 1062 quam
1172 1024 1290 1058 ἵππων,
1310 1032 1389 1053 011111
1408 1024 1584 1062 ἱππιατρόσ

188 1074 252 1106 356
268 1081 410 1113 aegrum
427 1072 516 1103 Flor.
537 1075 572 1104 et
591 1072 703 1109 Bod1.,
722 1081 841 1113 aegros
859 1071 951 1104 GLM
968 1072 1042 1103 cod.
1063 1073 1216 1104 Venetus
1233 1073 1380 1104 fortasse
1398 1073 1442 1104 ob
1460 1073 1627 1113 yementis.

102 1123 109 1136 ‘
123 1124 160 1154 τὸ
183 1133 316 1163 aeqrum
339 1123 578 1164 accipiendum
601 1124 701 1163 quasi
726 1123 776 1154 bis
799 1124 953 1164 positum
974 1127 1074 1160 esset,
1097 1127 1125 1154 et
1146 1123 1343 1154 iamdudum
1364 1124 1488 1155 credere
1509 1134 1629 1164 corpus

98 1184 242 1214 aeqrum,
264 1174 350 1214 quod
371 1174 437 1205 sibi
458 1185 526 1205 non
547 1178 593 1205 est
614 1185 758 1214 aeqrum,
782 1175 818 1205 id
840 1178 893 1205 est
914 1175 1050 1215 ignorat
1073 1174 1233 1205 morbum
1255 1185 1356 1206 suum
1378 1175 1526 1206 necdum
1548 1186 1627 1206 eum

98 1226 228 1266 gemitu
244 1225 376 1256 fatetur
392 1225 398 1237 ⁷
418 1225 612 1257 Gronouius
630 1225 701 1256 obs.
721 1234 749 1256 ΙΙ
767 1236 793 1256 0.
816 1227 867 1262 ll,
885 1225 980 1266 quod
998 1226 1082 1256 mihi
1099 1229 1259 1256 coactum
1276 1226 1385 1257 uideri
1400 1237 1469 1257 non
1481 1226 1626 1267 negabo.

98 1276 158 1308 sed
176 1276 284 1308 nolim
304 1276 430 1308 collato
450 1287 588 1308 manum
608 1287 700 1316 aeqer
719 1277 798 1308 Tac.
821 1277 900 1308 hist.
923 1285 961 1307 IV
982 1278 1019 1308 81
1043 1280 1105 1308 aut
1125 1287 1239 1316 acyras
1259 1278 1412 1309 conicere
1432 1281 1494 1309 aut
1514 1288 1626 1318 aeqros

98 1328 188 1359 tueri
279 1330 430 1361 357-388
461 1338 541 1359 cum
572 1327 760 1368 Sagittario
792 1328 948 1364 orientia,
981 1327 1149 1359 Arcturus
1181 1331 1216 1359 et
1248 1328 1383 1369 Cycnus
1475 1331 1627 1363 357—363

98 1388 178 1409 cum
196 1379 320 1419 quinta
339 1378 515 1419 Sagittarii
534 1382 632 1420 parte
652 1379 761 1410 oritur
784 1378 962 1415 Arcturus,
983 1378 1083 1410 stella
1105 1378 1220 1410 lucida
1243 1379 1307 1410 sub
1332 1380 1465 1410 Bootae
1488 1383 1627 1421 pectore

98 1430 223 1471 posita,
244 1438 257 1460 Ι
276 1430 408 1467 316-8;
441 1440 655 1471 quamquam
675 1430 732 1461 alii
752 1433 868 1461 totum
887 1430 1023 1471 signum
1044 1431 1094 1461 ita
1114 1430 1305 1471 appellant,
1326 1434 1367 1461 ut
1387 1430 1532 1462 Plautus
1551 1431 1627 1463 rud.

101 1481 120 1512 3
142 1490 192 1521 sq.
215 1483 250 1512 et
272 1482 313 1512 70
405 1483 468 1514 357
489 1480 581 1512 hunc
603 1480 704 1519 GLM,
726 1490 818 1512 nunc
840 1481 914 1512 cod.
939 1481 1103 1518 Venetus,
1126 1484 1188 1512 aut
1208 1481 1273 1512 hoc
1295 1485 1357 1512 aut
1379 1481 1455 1513 hinc
1480 1482 1629 1514 editores

98 1534 180 1562 ante
196 1531 373 1562 Iacobum.
421 1540 435 1562 1
447 1532 510 1564 365
525 1531 612 1563 hunc
625 1531 674 1572 (M
687 1535 722 1563 et
735 1542 806 1563 uar.
822 1542 883 1563 scr.
898 1531 935 1568 L,
949 1536 1026 1563 tunc
1040 1531 1107 1571 GL)
1120 1532 1260 1563 subeunt
1272 1532 1394 1569 Haedi,
1408 1541 1445 1563 IV
1457 1534 1521 1564 329
1534 1543 1629 1573 quem

98 1581 237 1613 subeunt
261 1582 375 1613 Pisces
463 1591 542 1623 pars
566 1582 631 1621 GL,
656 1591 717 1623 par
740 1582 776 1614 M
867 1585 931 1616 358
955 1583 1000 1614 ad
1021 1586 1123 1623 ponto
1146 1583 1369 1614 inuerecundi
1393 1584 1499 1614 animi
1523 1584 1628 1615 homo

98 1632 245 1664 Iacobus
272 1633 392 1665 ‘recte.
425 1644 445 1664 a
469 1637 589 1675 ponto,
615 1637 655 1665 ut
680 1634 764 1665 365'
791 1633 865 1674 (ubi
889 1637 942 1665 est
966 1634 1197 1674 produxerit
1228 1634 1356 1673 undis),
1389 1634 1563 1666 Breiterus
1591 1638 1627 1666 et

100 1684 373 1725 Wageningenus
404 1685 587 1716 conferunt
620 1686 685 1716 416
716 1686 830 1725 (ponto
860 1695 893 1716 se
922 1685 1051 1725 eriqic)
1083 1688 1119 1716 et
1150 1686 1212 1716 657
1244 1685 1496 1725 (Andromedan
1524 1689 1626 1726 ponto

98 1734 245 1775 caeloque
264 1736 440 1775 sequentis)
457 1748 464 1766 :
498 1736 615 1772 uerba,
636 1746 725 1777 quae
745 1746 807 1776 ego
827 1736 946 1772 adieci,
967 1746 1093 1777 ponere
1112 1746 1214 1767 nemo
1233 1736 1350 1773 audet,
1372 1736 1485 1767 celant
1509 1747 1627 1768 omnes

98 1796 202 1826 quem
218 1786 393 1817 Bentleius
409 1786 576 1818 attulerat
592 1797 729 1818 uersum
748 1788 809 1818 129
825 1790 927 1818 totum
946 1787 1181 1828 (Lanigerum)
1203 1787 1373 1818 ostendit
1396 1787 1512 1818 terris
1533 1791 1628 1828 atque

98 1836 199 1868 eruit
227 1837 360 1868 undis.
408 1837 465 1868 ille
485 1838 590 1878 igitur
608 1842 709 1877 ponto
732 1848 810 1869 cum
832 1838 1037 1869 ostendendi
1057 1838 1164 1869 uerbo
1186 1839 1409 1869 coniunctum
1436 1840 1627 1870 necessario

100 1887 259 1918 datiuum
284 1898 356 1919 esse
381 1889 488 1919 sensit
512 1892 548 1919 et
573 1889 666 1919 terris
693 1889 747 1919 uel
771 1889 858 1919 caelo
884 1889 939 1920 uel
964 1889 1088 1920 mundo
1112 1892 1297 1930 propterea
1322 1889 1521 1930 requirebat
1545 1891 1629 1931 quia

100 1937 107 1950 ‘
121 1941 255 1978 pontus,
273 1938 421 1978 pelamis,
442 1938 551 1970 undae
569 1939 644 1970 loca
663 1940 752 1970 infra
771 1940 985 1971 horizontem
1005 1940 1134 1980 ubique
1154 1940 1209 1971 hic
1232 1939 1427 1981 significant
1439 1940 1458 1971 '.
1506 1951 1628 1972 uerum

99 1999 178 2020 cum
205 1989 309 2021 semel
335 1993 441 2030 atque
468 1991 594 2021 iterum
622 1994 723 2021 terrae
750 1991 923 2022 contraria
950 1994 1056 2032 atque
1082 1991 1141 2022 illo
1168 2001 1270 2022 uersu
1293 1991 1542 2032 significatione
1566 2002 1628 2033 pro

99 2040 276 2071 horizonte
297 2041 369 2071 siue
392 2041 528 2072 Oceano
548 2044 735 2082 ponantur,
758 2044 798 2072 ut
818 2050 846 2072 11
867 2042 931 2073 949
952 2045 988 2073 et
1008 2042 1090 2073 locis
1111 2042 1159 2073 ibi
1180 2041 1317 2079 adlatis,
1339 2053 1409 2073 non
1429 2043 1629 2074 incredibile

99 2091 237 2122 uidetur
248 2095 389 2131 pontum
404 2092 554 2123 uicissim
567 2092 623 2123 hic
638 2103 710 2124 esse
724 2093 823 2133 ponti
838 2092 1052 2134 superficiem
1066 2094 1102 2124 in
1117 2103 1226 2134 eaque
1240 2094 1445 2134 nauigantes
1459 2093 1627 2132 homines,

98 2142 224 2183 quibus
246 2142 414 2174 Arcturus
436 2143 676 2175 formidandus
699 2146 761 2175 est.
809 2144 904 2184 quod
927 2144 954 2175 si
978 2145 1033 2175 cui
1055 2154 1125 2175 non
1148 2144 1310 2185 placebit,
1334 2145 1365 2176 ei
1388 2145 1628 2185 coniungenda

97 2196 199 2224 erunt
219 2192 375 2224 nitentem
393 2197 506 2233 ponto,
523 2196 712 2232 λελουμένον
736 2195 895 2226 Ὠκεανοῖο
984 2194 1074 2226 natis
1094 2194 1174 2234 GL2,
1190 2194 1305 2227 nantis
1320 2195 1383 2226 LM
1474 2198 1628 2229 358-363

97 2243 182 2275 facit
205 2243 372 2275 Arcturus
394 2255 499 2285 gazae
521 2245 634 2286 regiae
657 2245 817 2277 custodes
841 2249 876 2277 et
899 2246 1164 2287 dispensatores,
1188 2246 1361 2287 praesides
1384 2247 1432 2278 rei
1454 2246 1626 2287 publicae,

99 2294 266 2326 domuum
278 2295 467 2326 alienarum
479 2299 729 2337 procuratores.
777 2296 861 2328 haec
874 2296 951 2328 ideo
964 2296 1046 2328 ficta
1058 2300 1140 2328 sunt
1152 2297 1235 2338 quia
1250 2300 1286 2328 et
1304 2297 1490 2338 Ἀρκτούρου
1507 2297 1628 2329 stellae

98 2348 134 2376 et
160 2345 422 2386 Ἀρκτοφύλακοσ
448 2347 535 2387 signi
560 2347 692 2378 nomini
717 2347 807 2378 inest
833 2347 1049 2379 custodiendi
1075 2348 1279 2389 significatio
1371 2350 1435 2382 359
1463 2348 1626 2385 Fortuna,

100 2398 290 2433 εὐδαιμονία,
319 2397 496 2438 opulentia
587 2399 651 2430 360
678 2406 757 2439 opes
785 2397 865 2436 GL2,
893 2407 977 2439 opus
1003 2398 1067 2430 LM
1156 2401 1294 2431 seruent
1315 2409 1399 2431 corr.
1427 2409 1469 2430 ex
1491 2398 1629 2431 seruent

99 2446 135 2484 L,
158 2447 223 2478 hoc
246 2446 283 2485 G,
306 2447 411 2479 seruit
432 2448 468 2479 M
558 2448 648 2480 Flor.
673 2457 701 2479 11
725 2449 764 2480 13
787 2450 826 2480 21
851 2449 1019 2481 aerarium
1037 2473 1043 2480 .
1064 2473 1071 2480 .
1092 2473 1098 2480 .
1117 2453 1268 2481 sanctum
1286 2474 1293 2481 .
1313 2474 1320 2481 .
1340 2474 1347 2481 .
1366 2450 1480 2490 rapuit
1503 2450 1627 2482 Caesar

99 2507 190 2528 anno
210 2499 253 2529 49
344 2500 407 2531 361
428 2507 505 2540 rege
527 2498 606 2537 GL2,
628 2508 732 2540 regno
753 2499 816 2531 LM
907 2502 971 2533 362
995 2502 1059 2533 363
1082 2501 1119 2531 in
1138 2500 1233 2532 libris
1253 2504 1334 2542 post
1356 2503 1419 2534 373
1440 2500 1627 2533 collocatos

99 2548 166 2579 huc
183 2550 362 2580 reuocauit
377 2549 537 2590 Scaliger,
556 2549 617 2581 ubi
633 2560 690 2581 eos
708 2561 728 2581 a
745 2550 893 2582 Firmico
910 2550 1017 2582 lectos
1034 2561 1106 2582 esse
1123 2562 1166 2583 ex
1183 2560 1249 2583 vm
1269 2553 1309 2583 14
1330 2554 1343 2583 l
1365 2554 1520 2593 apparet.
1568 2562 1625 2583 ex-

97 2599 255 2631 ciderunt
282 2600 326 2631 ob
351 2600 654 2632 homoeoteleuton
677 2601 826 2641 reqendis
848 2601 950 2632 undis
1041 2604 1105 2635 362
1127 2605 1247 2643 gerant
1268 2602 1342 2641 LM,
1366 2604 1488 2644 gerunt
1510 2602 1538 2634 G

141 2649 297 2682 domibus
320 2649 384 2689 GL,
407 2650 600 2682 dominibus
622 2651 658 2682 M
748 2654 812 2684 363
833 2651 1015 2693 praepositi
1036 2652 1116 2691 GL2,
1138 2653 1336 2695 praepositis
1357 2653 1421 2685 LM
1509 2652 1628 2685 limine

100 2699 258 2741 Scaliger,
273 2700 380 2732 limite
395 2700 460 2740 GL,
475 2701 604 2733 lumine
618 2701 655 2733 M
744 2701 906 2734 claudant
919 2703 965 2741 M,
981 2703 1145 2736 claudunt
1159 2704 1212 2735 GL
1227 2705 1301 2736 cod.
1318 2705 1471 2736 Venetus
1564 2704 1571 2716 ‘
1587 2703 1627 2735 ils

99 2754 179 2782 sont
204 2751 378 2783 destines.
399 2777 406 2783 .
426 2777 433 2783 .
452 2752 472 2783 a
500 2753 622 2784 borner
647 2753 737 2784 leurs
763 2755 986 2795 occupations
1012 2765 1081 2786 aux
1107 2756 1199 2786 soins
1225 2756 1327 2796 qu'ils
1352 2755 1542 2796 prendront
1568 2754 1628 2785 des

100 2801 236 2834 affaires
274 2803 428 2835 d'autrui
443 2803 450 2816 ’
491 2803 677 2846 Pingraeus
769 2806 921 2838 364-388
959 2816 1039 2837 cum
1076 2807 1274 2838 tricensima
1312 2807 1489 2848 Sagittarii
1527 2808 1628 2848 parte
