1855 3088
186 110 237 148 14
777 107 839 149 M.
872 106 1122 149 MANILII

343 219 494 261 frontis
514 234 619 274 opus
639 219 758 274 signi,
780 218 1034 273 strictosque
1053 218 1151 259 hinc
1170 233 1244 259 ora
1264 218 1444 260 Catones

343 294 658 348 abruptumque
678 293 770 348 pari
790 293 1054 347 Torquatum
1073 297 1116 334 et
1136 293 1317 334 Horatia
1336 293 1464 334 facta.

343 369 480 409 maius
500 382 605 409 onus
626 368 743 423 signo
763 372 839 418 est,
862 367 1022 408 Haedis
1042 381 1117 407 nec
1137 372 1261 408 tanta
1282 367 1459 421 petulcis

344 442 603 484 conueniunt
623 457 630 483 :
668 442 830 483 leuibus
850 441 1037 496 gaudent
1057 441 1297 496 lasciuaque
1318 441 1487 495 signant

222 524 289 555 llo
344 521 516 572 pectora
536 522 579 557 et
598 517 642 557 in
661 517 776 557 lusus
797 516 938 557 faciles
958 516 1192 570 agilemque
1213 516 1400 570 uigorem

181 657 228 685 est
256 653 350 694 ruqis
373 653 520 695 frontem
549 653 747 690 contrahere,
779 656 918 684 tractum
948 663 969 684 α
997 663 1175 693 caprorum
1198 652 1368 693 frontibus
1398 651 1530 692 crispis.
1579 651 1723 682 Plautus

184 705 328 745 Epidico
346 706 439 745 (609)
459 706 466 717 ⁶
481 705 562 745 quid
578 705 664 736 illud
680 705 827 745 estquod
848 704 902 735 illi
922 708 1072 744 caperrat
1089 704 1205 745 frons
1235 703 1507 735 seueritudine
1521 703 1537 733 ?
1550 703 1557 715 ’
1660 704 1724 736 106

181 766 314 787 seuerae
335 756 462 797 frontis
489 767 574 796 opus
601 756 704 796 simii,
733 766 790 787 eos
818 766 905 796 quos
934 755 1048 787 Haedi
1074 755 1250 787 fabricant
1276 755 1434 786 homines
1461 764 1581 785 seuera
1607 754 1723 785 fronte

182 807 359 848 praeditos
378 818 461 844 esse,
482 807 582 839 Ouid.
604 807 692 838 trist.
712 815 741 837 11
758 808 818 837 241
840 818 889 847 sq.
910 806 970 837 illa
988 806 1121 846 quidem
1132 806 1240 847 fateor
1250 805 1376 847 frontis
1393 816 1461 836 non
1477 815 1544 837 esse
1561 815 1694 835 seuerae
1716 802 1722 847 l

181 858 316 898 scripta.
366 869 436 889 non
454 861 611 899 praestat
628 858 723 898 quod
741 858 892 899 Scaliger
909 868 951 889 ex
970 858 1044 889 cod.
1065 857 1155 888 Flor.
1176 857 1320 898 aliisque
1337 857 1467 898 recepit
1484 856 1579 896 siquo
1597 855 1725 887 collato

183 910 248 940 299
274 913 354 946 teue,
382 909 570 946 Philoctete,
597 909 653 940 cui
678 908 796 940 malim
820 908 946 940 credere
968 908 1092 948 parti?
1137 909 1309 949 equidem,
1336 918 1416 939 cum
1447 907 1499 938 his
1524 917 1610 947 opus
1634 906 1726 946 siqui

184 970 254 991 non
279 960 365 992 bene
388 963 469 1001 post
493 960 579 992 duos
603 970 723 991 uersus
746 960 964 991 subiciantur
985 970 1071 990 onus
1094 959 1201 999 siqno,
1225 959 1440 990 infinitiuum
1463 958 1602 990 subesse
1625 960 1725 999 puto,

184 1014 248 1042 aut
264 1011 359 1052 quod
378 1011 517 1043 Ellisius
535 1014 628 1042 noct.
646 1011 738 1042 Man.
754 1022 786 1052 p.
809 1013 871 1042 164
891 1011 1038 1042 coniecit
1054 1010 1149 1051 qiqni
1168 1013 1241 1047 aut,
1255 1010 1349 1051 quod
1367 1010 1479 1052 operis
1497 1009 1574 1041 uoci
1591 1019 1725 1040 accom-

184 1063 361 1094 modatius
378 1066 485 1103 atque
502 1063 588 1094 adeo
606 1062 1007 1093 accommodatissimum
1024 1065 1087 1099 est,
1107 1061 1218 1102 finyi
1233 1074 1240 1093 z
1266 1062 1346 1093 uide
1363 1070 1402 1092 IV
1414 1062 1475 1093 138
1487 1061 1613 1101 (Aries)
1624 1059 1727 1091 dubia

183 1138 190 1145 .
211 1138 218 1145 .
239 1138 245 1145 .
263 1114 460 1154 praecordia
477 1138 484 1145 .
505 1138 511 1145 .
531 1138 538 1145 .
551 1114 656 1154 finqet
677 1114 799 1155 (fiqum
823 1117 858 1145 et
880 1113 1016 1153 siqnum
1037 1113 1144 1153 libri),
1167 1122 1190 1144 V
1215 1114 1253 1144 61
1280 1113 1415 1153 (Orion)
1440 1112 1567 1144 uelocia
1589 1121 1728 1152 corpora

177 1165 293 1206 finyet,
330 1166 394 1197 220
431 1165 562 1206 (Canis)
598 1165 745 1196 uiolenta
772 1189 778 1196 .
807 1189 814 1196 .
843 1168 1002 1205 ,pectora
1023 1165 1138 1206 finqet,
1171 1165 1236 1196 344
1261 1165 1392 1206 finqent
1418 1168 1518 1201 ortus,
1550 1164 1614 1195 537
1644 1162 1728 1193 talia

186 1216 347 1256 Cassiope
377 1221 572 1248 nascentum
598 1220 730 1256 pectora
752 1216 868 1257 finqet,
898 1225 936 1246 IV
965 1217 1030 1247 438
1052 1215 1213 1257 finqenda
1241 1216 1277 1247 in
1305 1215 1468 1255 sinqenda
1496 1218 1532 1246 et
1559 1213 1728 1254 siqnanda

186 1271 365 1299 mutatum
456 1276 521 1308 que
546 1267 592 1306 M,
618 1278 685 1298 om.
713 1266 767 1298 GL
792 1270 833 1298 ut
860 1268 922 1298 136
1013 1267 1094 1298 hine
1120 1276 1180 1298 ora
1202 1267 1231 1305 *,
1255 1266 1379 1298 incoda
1402 1265 1505 1304 GLM,
1529 1264 1652 1297 incude
1675 1264 1728 1302 L2,

185 1318 223 1350 in
243 1319 342 1350 corda
363 1318 444 1350 Vrb.
469 1320 543 1356 667,
566 1329 623 1350 nec
643 1318 734 1349 crede
755 1318 829 1350 cod.
853 1318 957 1355 Flor.‚
979 1318 1071 1349 unde
1091 1328 1150 1349 nec
1169 1318 1268 1349 corda
1288 1318 1447 1354 Iacobus,
1470 1317 1525 1348 cui
1545 1315 1656 1348 simile
1676 1318 1729 1347 est

185 1378 199 1401 I
225 1371 285 1401 771
313 1370 444 1401 strictae
466 1369 615 1410 pondera
640 1369 785 1409 (strictas
807 1369 951 1409 pondere
977 1369 1069 1409 libri)
1091 1369 1211 1400 mentis
1302 1371 1440 1400 catones
1463 1368 1553 1399 Flor.
1573 1370 1609 1399 et
1628 1366 1729 1399 Bodl.

186 1420 319 1453 catonis
336 1420 428 1452 GLM
520 1421 612 1451 Petr.
633 1421 694 1452 132
715 1422 754 1452 15
771 1420 853 1461 quid
872 1431 922 1451 me
940 1420 1158 1451 constricta
1191 1420 1347 1460 spectatis
1380 1419 1513 1461 fronte
1549 1418 1728 1455 Catones,

187 1472 289 1504 Mart.
309 1481 350 1503 XI
365 1473 407 1504 39
426 1473 510 1504 13—5
527 1472 685 1503 adstricta
694 1471 806 1513 fronte
824 1496 830 1503 .
851 1496 857 1503 .
878 1496 884 1503 .
906 1472 1074 1509 Catonem,
1093 1472 1213 1510 Quint.
1230 1472 1311 1503 inst.
1330 1480 1370 1502 XI
1386 1472 1406 1503 3
1425 1472 1487 1503 160
1503 1470 1636 1502 uultum
1653 1494 1660 1501 .
1681 1493 1688 1500 .
1708 1492 1730 1506 .,

187 1534 250 1564 quo
279 1523 323 1555 sit
352 1523 459 1564 mayis
488 1527 614 1561 toruus,
644 1523 836 1563 superciliis
865 1523 1054 1563 astringere.
1147 1523 1275 1554 strictos
1304 1523 1342 1554 in
1370 1522 1469 1554 corda
1498 1521 1636 1553 Catonis
1665 1520 1732 1562 (ita

188 1575 281 1606 enim
296 1575 420 1614 edunt)
436 1575 522 1615 quid
537 1585 659 1606 sonare
675 1574 786 1606 uelint
802 1574 977 1606 Breiterus
993 1578 1029 1606 et
1045 1575 1322 1616 Wageningenus
1337 1577 1373 1605 et
1388 1573 1549 1614 qualibus
1565 1571 1732 1613 exemplis

189 1626 380 1657 defendant
410 1626 505 1667 apud
534 1626 626 1667 ipsos
656 1636 784 1667 quaere
876 1629 939 1659 107
969 1626 1154 1667 abruptum
1182 1626 1218 1657 M
1248 1625 1322 1657 cod.
1354 1625 1519 1661 Venetus,
1549 1624 1732 1665 abruptam

190 1676 255 1716 GL,
282 1681 340 1708 aut
368 1677 512 1708 Brutum
537 1681 632 1717 atque
654 1687 773 1717 parem
798 1677 889 1708 Flor.
915 1680 952 1708 et
978 1677 1077 1708 Bodl.
1126 1676 1247 1708 C.G.L.
1275 1685 1314 1707 IV
1339 1687 1371 1718 p.
1400 1677 1463 1708 302
1492 1676 1531 1706 12
1557 1675 1731 1715 abruptus,

189 1728 416 1760 immoderatus
437 1728 491 1759 uel
511 1727 712 1769 infrenatus,
736 1728 795 1760 Sil.
818 1737 871 1759 VII
892 1729 957 1760 219
978 1738 1028 1769 sq.
1045 1728 1185 1768 feruida
1205 1728 1237 1759 si
1257 1727 1352 1759 nobis
1373 1727 1471 1758 corda
1492 1726 1733 1766 abruptumque

188 1783 363 1820 putassent
381 1777 385 1822 Ι
402 1779 576 1819 ingenium
596 1783 721 1819 patres,
745 1780 825 1810 Tac.
852 1790 932 1810 ann.
955 1788 993 1810 IV
1017 1780 1059 1811 20
1084 1781 1103 1810 5
1128 1779 1214 1810 inter
1237 1779 1414 1819 abruptam
1436 1777 1681 1809 contumaciam
1704 1779 1733 1807 et

191 1830 333 1871 deforme
353 1830 557 1871 obsequium,
578 1839 643 1861 XVI
663 1832 681 1862 7
704 1832 725 1861 4
747 1830 905 1862 iuuenem
921 1855 928 1861 .
949 1855 955 1862 .
976 1855 983 1861 .
1003 1830 1117 1862 animo
1137 1834 1369 1870 praeruptum,
1387 1830 1479 1861 Tert.
1498 1829 1577 1860 adu.
1597 1828 1701 1859 Marc.
1721 1836 1734 1857 Ι

193 1883 207 1913 1
236 1881 395 1913 Marcion
412 1906 419 1913 .
440 1906 446 1912 .
467 1906 474 1913 .
494 1882 645 1913 Caucaso
669 1882 853 1922 abruptior,
878 1882 997 1914 Claud.
1024 1882 1123 1913 Eutr.
1149 1890 1179 1912 11
1201 1882 1266 1912 452
1293 1880 1516 1921 Torquatique
1539 1883 1644 1911 truces

235 1932 309 1975 pari
323 1933 352 1971 *,
375 1932 464 1974 patri
485 1933 585 1964 libri:
622 1933 716 1964 idem
738 1944 833 1964 error
854 1942 892 1964 Iv
914 1934 990 1970 433,
1016 1934 1091 1970 790,
1115 1933 1214 1974 Verg.
1240 1932 1324 1964 Aen.
1350 1941 1374 1963 x
1398 1933 1473 1969 741,
1494 1931 1579 1962 Hor.
1597 1940 1696 1962 serm.
1721 1938 1735 1960 1

191 1986 210 2016 3
229 1986 280 2016 96.
330 1984 407 2015 hinc
425 2009 431 2015 .
453 2009 459 2015 .
479 2009 486 2015 .
503 1984 584 2024 pari
600 1988 640 2015 ut
659 1985 721 2016 135
739 1987 774 2015 et
791 1986 855 2016 648
872 1984 950 2016 hinc
968 2009 974 2016 .
995 2009 1002 2015 .
1023 2009 1029 2015 .
1048 1988 1203 2016 creantur
1293 1984 1390 2015 uario
1406 1993 1544 2014 rumore
1560 1981 1735 2013 celebrata

192 2038 276 2067 sunt
306 2035 484 2067 Manliana
511 2035 657 2076 imperia
684 2036 757 2067 eius
784 2036 954 2076 Torquati
981 2035 1041 2076 qui
1068 2035 1195 2066 Latino
1224 2034 1313 2066 bello
1340 2034 1460 2066 consul
1487 2033 1597 2065 filium
1625 2031 1737 2064 securi

192 2086 374 2127 percussit,
392 2086 466 2117 Liu.
486 2095 554 2117 VIII
572 2087 591 2117 7
610 2087 706 2124 14—9,
724 2097 804 2118 cum
821 2087 963 2128 abrupti
979 2086 1108 2127 ingenii
1123 2086 1315 2128 specimina
1330 2086 1438 2117 etiam
1451 2087 1555 2116 antea
1571 2084 1735 2120 dedisset,

192 2137 238 2168 ib.
266 2139 285 2168 5
312 2139 342 2174 7,
369 2138 435 2169 Cic.
463 2138 520 2169 off.
547 2146 591 2168 111
618 2139 691 2175 112,
717 2138 794 2169 Sen.
823 2138 898 2169 ben.
925 2146 969 2169 111
993 2139 1034 2170 37
1060 2139 1080 2168 4
1171 2137 1405 2177 abreptumque
1427 2135 1520 2176 patri
1545 2135 1735 2171 Bentleius,

193 2191 315 2230 aperte
332 2188 422 2219 falsa
439 2191 475 2220 et
491 2192 633 2220 auctore
650 2199 712 2220 suo
729 2189 872 2230 indigna
888 2189 948 2220 sed
966 2189 1010 2220 ob
1028 2189 1063 2220 id
1079 2189 1195 2230 ipsum
1212 2188 1248 2219 in
1265 2188 1389 2229 uulgus
1405 2190 1506 2228 grata
1522 2189 1736 2228 acceptaque

193 2240 403 2271 coniectura.
452 2240 552 2280 quasi
578 2250 660 2271 uero
687 2243 750 2272 aut
775 2240 811 2271 id
837 2243 920 2281 agat
945 2243 1051 2281 poeta
1076 2243 1117 2272 ut
1143 2239 1312 2280 Torquati
1337 2238 1399 2270 filii
1425 2238 1553 2270 similes
1578 2237 1736 2270 homines

194 2291 259 2322 hoe
276 2291 373 2332 signo
390 2291 485 2322 nasei
502 2302 545 2322 ne
562 2292 753 2328 credamus,
772 2294 835 2323 aut
851 2292 944 2333 patri
961 2291 1138 2333 abreptus,
1156 2294 1196 2322 ut
1213 2291 1318 2322 matri
1335 2290 1524 2331 Polyxena,
1542 2289 1610 2320 dici
1626 2288 1738 2330 possit

194 2343 222 2374 is
241 2352 346 2382 quem
363 2346 464 2383 pater
480 2342 554 2383 ipse
571 2342 684 2383 abripi
701 2353 721 2374 a
739 2343 849 2374 lictore
866 2347 894 2374 et
911 2342 950 2374 in
967 2343 1102 2374 modum
1119 2342 1244 2374 hostiae
1261 2341 1401 2373 mactari
1417 2341 1528 2378 iussit,
1547 2340 1622 2372 Val.
1641 2339 1734 2371 Max.

195 2402 224 2424 11
250 2394 268 2424 7
296 2394 325 2424 6.
374 2403 591 2434 quamquam
617 2394 785 2425 Iacobum
810 2405 880 2426 non
905 2394 1034 2435 puduit
1058 2393 1206 2425 seribere
1230 2404 1263 2434 p.
1293 2394 1356 2424 199
1384 2392 1391 2404 ‘
1406 2392 1561 2432 abreptus
1583 2390 1677 2432 patri
1701 2392 1737 2431 (a

195 2447 296 2485 patre
312 2444 388 2485 ipso
406 2444 608 2484 damnatus)
625 2445 632 2457 ’
725 2445 870 2476 Horatia
881 2444 986 2486 facta,
1005 2445 1131 2477 sororis
1149 2445 1365 2482 occisionem,
1385 2444 1459 2475 Liu.
1479 2452 1493 2474 1
1510 2444 1553 2474 26
1570 2444 1601 2480 3,
1620 2452 1738 2474 seuere

198 2495 307 2536 magis
327 2505 434 2536 quam
453 2496 558 2536 impie
577 2496 733 2537 punitae,
754 2496 829 2528 Val.
851 2496 943 2528 Max.
965 2505 1033 2528 VIII
1055 2498 1068 2528 1
1094 2498 1108 2527 1
1205 2499 1268 2529 108
1287 2495 1399 2527 maius
1418 2505 1503 2526 onus
1522 2494 1628 2534 siano,
1649 2493 1735 2524 Hor.

196 2546 296 2588 epist.
323 2555 336 2576 I
362 2547 401 2577 17
425 2547 468 2578 39
492 2557 541 2587 sq.
567 2557 653 2578 onus
671 2571 677 2578 .
698 2572 704 2578 .
725 2572 731 2579 .
749 2558 858 2588 paruo
882 2558 1015 2588 corpore
1039 2547 1162 2585 maius,
1188 2547 1289 2579 Ouid.
1315 2547 1405 2578 trist.
1432 2555 1469 2577 IV
1495 2547 1534 2577 10
1559 2546 1601 2577 36
1625 2544 1738 2576 maius

196 2601 265 2629 erat
294 2597 417 2628 nostris
445 2597 578 2629 uiribus
607 2598 694 2629 illuct
722 2609 808 2630 onus
897 2598 1041 2640 petulcis
1071 2598 1151 2637 GL2,
1181 2597 1328 2639 peculcis
1357 2597 1420 2629 LM
1512 2599 1575 2630 109
1603 2596 1740 2636 signant

198 2649 496 2689 quemadmodum
518 2649 675 2690 signatur
697 2650 853 2690 pecunia.
902 2650 1061 2681 similiter
1082 2659 1120 2681 IV
1143 2650 1203 2681 631
1228 2652 1264 2681 et
1287 2650 1361 2686 714,
1384 2648 1485 2680 aliter
1506 2656 1534 2679 11
1556 2648 1617 2679 671
1641 2647 1740 2688 signa

199 2700 374 2740 quadrata
392 2700 518 2741 adfines
536 2699 681 2739 siqnant,
702 2701 766 2732 hoc
784 2704 837 2732 est
855 2701 1052 2742 significant
1145 2704 1208 2733 110
1225 2699 1262 2732 in
1278 2700 1374 2731 lusus
1392 2699 1465 2738 LM,
1483 2698 1604 2730 illusus
1622 2697 1651 2729 G

242 2750 361 2783 faciles
386 2751 415 2789 *,
440 2750 545 2792 agiles
575 2751 664 2788 libri,
689 2762 807 2783 cursus
836 2752 961 2783 alacres
992 2752 1170 2784 Bentleius
1200 2762 1242 2783 ex
1272 2753 1346 2783 448.
1390 2751 1413 2792 f
1437 2751 1593 2782 litteram
1622 2748 1741 2781 hausit

198 2802 408 2843 praecedens
427 2812 454 2840 8,
476 2805 517 2833 ut
537 2802 611 2834 Liu.
635 2811 717 2834 XXII
738 2803 757 2835 9
779 2804 809 2841 6,
831 2803 891 2835 ubi
912 2803 1019 2836 Gallis
1039 2803 1122 2836 actis
1143 2803 1170 2834 P
1190 2813 1252 2845 pro
1267 2802 1393 2844 factis;
1427 2802 1508 2834 uide
1527 2801 1635 2833 etiam
1655 2799 1738 2831 Luc.
