1855 3088
615 125 1097 172 ASTRONOMICON
1127 127 1168 170 V
1603 128 1656 168 75

290 239 500 289 dentibus,
521 240 647 295 inque
668 240 758 295 ipso
778 240 974 295 rapidum
992 255 1107 281 mare
1127 239 1302 294 nauigat
1321 253 1390 281 ore
1409 254 1418 289 ;

289 313 386 354 111110
405 314 518 355 uasti
537 320 714 369 surgunt
733 315 932 356 inmensis
950 314 1172 369 torquibus
1192 314 1313 355 orbes

166 394 234 425 585
288 392 490 442 tergaque
509 393 764 430 consumunt
783 388 967 443 pelagus.
1024 393 1149 429 sonat
1167 388 1354 442 undique
1374 387 1560 428 Phorcus

289 466 418 516 atque
436 462 516 517 ipsi
535 467 734 504 metuunt
753 467 919 504 montes
939 462 1182 517 scopulique
1200 467 1406 503 ruentem.

288 535 433 577 infelix
451 536 582 591 uirgo,
604 537 799 592 quamuis
819 536 897 578 sub
916 536 1082 578 uindice
1101 541 1225 578 tanto

289 623 397 664 quae
416 615 492 651 tua
511 615 614 652 tunc
633 611 773 652 fuerat
792 610 919 652 facies
937 611 945 652 !
984 625 1113 666 quam
1132 610 1241 665 fugit
1260 610 1304 651 in
1323 624 1447 651 auras

289 684 460 738 spiritus
479 685 486 726 l
523 689 573 726 ut
592 690 685 727 toto
706 689 931 726 caruerunt
950 684 1151 739 sanguine
1170 684 1372 734 membra,

164 764 233 796 590
288 772 385 799 cum
403 763 480 800 tua
499 759 590 800 fata
610 759 724 801 cauis
744 774 766 800 e
784 759 960 814 rupibus
979 759 1070 814 ipsa
1088 759 1252 800 uideres

288 832 602 888 adnantemque
621 833 701 875 tibi
720 848 901 888 poenam
919 833 1175 888 pelagusque
1194 833 1399 874 ferentem

289 907 494 961 quantula
513 908 670 962 praeda
689 907 816 949 maris
835 908 843 949 1
902 907 1064 963 quassis
1083 907 1150 949 hic
1171 907 1369 949 subuolat
1388 906 1464 948 3115

127 1044 237 1077 mouit
257 1045 303 1084 M,
327 1048 445 1079 mouet
466 1046 520 1079 GL
542 1050 684 1089 propter
706 1051 866 1080 metrum.
915 1047 1093 1079 Bentleius
1116 1047 1265 1079 contulit
1288 1047 1388 1079 Ouid.
1414 1049 1496 1078 met.
1522 1055 1572 1077 xv
1594 1047 1658 1078 513

127 1096 266 1128 naribus
292 1101 320 1129 et
343 1098 460 1138 patulo
484 1103 613 1139 partem
639 1099 743 1131 maris
769 1099 891 1131 euomit
916 1109 969 1130 ore
996 1100 1131 1139 (taurus
1158 1099 1325 1138 marinus)
1418 1100 1481 1131 583
1507 1097 1660 1128 dentibus

127 1148 287 1180 datiuum
310 1159 382 1181 esse
405 1150 592 1191 Pingraeus
615 1151 734 1188 sensit,
758 1161 827 1182 non
851 1150 977 1191 Fayus.
1026 1153 1147 1181 contra
1170 1149 1329 1190 rapidum
1352 1160 1446 1180 mare
1469 1159 1541 1180 esse
1563 1149 1659 1190 quod

126 1200 282 1241 rapiatur
307 1204 342 1232 et
366 1201 402 1232 in
427 1201 553 1233 uelocis
580 1201 700 1233 beluae
726 1212 782 1233 ore
808 1202 949 1243 nauiget
974 1202 1040 1238 hic,
1067 1212 1137 1232 non
1162 1201 1229 1238 ille,
1256 1200 1427 1232 intellexit
1517 1199 1660 1241 nauigat

127 1259 184 1282 ore
204 1250 284 1290 GL2,
304 1251 544 1293 nauigatorem
562 1252 625 1284 LM
717 1255 781 1286 584
800 1252 889 1290 hinc,
910 1253 954 1284 ab
974 1252 1083 1284 altera
1103 1255 1138 1284 et
1157 1253 1344 1294 posteriore
1363 1254 1474 1293 parte,
1494 1261 1584 1292 quae
1604 1252 1659 1283 cui

126 1302 334 1343 respondeat
350 1304 521 1344 particula
536 1305 572 1335 in
589 1304 821 1346 superioribus
838 1304 946 1340 deest,
963 1307 1004 1335 ut
1019 1304 1098 1335 Tac.
1118 1314 1197 1334 ann.
1216 1312 1259 1334 111
1277 1304 1316 1334 10
1334 1304 1353 1334 6
1371 1303 1483 1334 minas
1499 1313 1657 1334 accusan-

126 1352 211 1384 tium
235 1357 263 1385 et
287 1354 364 1386 hinc
386 1365 498 1395 preces
522 1355 617 1386 audit
706 1354 797 1386 uasti
820 1357 965 1396 surgunt
988 1354 1070 1386 Vrb.
1098 1356 1173 1391 667,
1199 1353 1455 1395 uastisurguent
1478 1353 1524 1392 Μ,
1550 1353 1658 1385 uastis

126 1406 248 1445 urgent
265 1405 329 1444 GL,
347 1406 440 1437 uasti
456 1410 582 1447 turqent
598 1406 688 1438 Flor.
707 1410 743 1438 et
760 1406 859 1438 Bodl.
878 1416 1002 1447 parum
1019 1409 1103 1447 apto
1120 1406 1227 1437 uerbo
1243 1418 1250 1437 ε
1281 1406 1360 1437 111ᾱο
1378 1414 1392 1436 1
1407 1406 1472 1437 433
1489 1415 1539 1446 sq.
1560 1405 1658 1437 Cetus

128 1479 135 1486 .
155 1479 162 1486 .
182 1480 189 1486 .
207 1456 338 1488 orbibus
360 1457 503 1498 insurqit
524 1458 615 1489 tortis
705 1457 864 1489 immensi
885 1457 959 1489 cod.
983 1457 1147 1494 Venetus,
1170 1460 1276 1498 atque
1297 1457 1348 1488 ita
1369 1456 1528 1498 Scaliger,
1550 1457 1658 1488 uastis

126 1510 240 1547 urgent
254 1507 409 1540 immensi
424 1521 432 1544 ;
460 1509 520 1540 sed
534 1510 610 1550 quis
625 1509 753 1550 quidue
768 1512 955 1550 urgueatur
969 1519 1039 1540 non
1054 1511 1200 1550 apparet
1291 1508 1458 1548 torquibus
1473 1508 1657 1540 audaciore

126 1558 353 1591 translatione
375 1560 508 1592 dictum
531 1563 584 1592 est
605 1570 711 1601 quam
734 1570 804 1601 qua
826 1560 994 1601 Vergilius
1016 1570 1098 1591 usus
1120 1563 1173 1591 est
1195 1569 1306 1600 georg.
1332 1568 1369 1590 IV
1391 1560 1467 1590 276.
1516 1562 1658 1600 torques

125 1609 170 1641 ab
193 1610 333 1642 orbibus
356 1622 426 1643 non
449 1611 625 1649 differunt,
642 1615 683 1643 ut
702 1612 931 1643 adiectionem
948 1611 1149 1648 habeamus,
1166 1621 1272 1651 quam
1288 1610 1434 1652 figuram
1451 1610 1495 1642 ad
1512 1620 1525 1641 1
1542 1612 1606 1643 539
1623 1614 1658 1642 et

126 1669 164 1692 1v
177 1662 241 1692 644
256 1662 430 1694 illustraui
522 1665 585 1696 585
600 1666 811 1700 consumunt,
825 1666 941 1694 totum
959 1662 1130 1699 obtinent,
1147 1663 1217 1693 fere
1234 1665 1274 1693 ut
1290 1670 1319 1693 Π
1335 1663 1399 1694 318
1415 1665 1451 1693 et
1467 1663 1543 1699 347,
1557 1662 1658 1694 aliter

126 1713 218 1744 enim
239 1712 368 1745 dicitur
389 1713 471 1745 Luc.
492 1723 546 1745 VII
564 1715 629 1746 460
649 1724 699 1755 sq.
720 1724 820 1745 cursu
839 1738 846 1745 .
867 1738 874 1745 .
894 1738 900 1745 .
919 1724 1149 1754 consumpsere
1171 1713 1278 1744 locum
1302 1716 1338 1744 et
1362 1713 1461 1745 Nem.
1489 1724 1565 1754 cyn.
1593 1714 1658 1745 289

118 1762 204 1804 fuya
232 1774 420 1797 consumere
447 1775 603 1805 campum
693 1765 837 1806 phorcys
867 1765 894 1796 Ι.
925 1765 1065 1796 Vossius
1095 1764 1140 1796 ad
1170 1764 1294 1796 Catull.
1324 1775 1357 1806 p.
1389 1766 1442 1801 77,
1472 1763 1581 1796 sortus
1610 1764 1657 1803 M,

123 1814 221 1847 fortis
241 1815 295 1847 GL
315 1820 422 1857 atque
442 1817 548 1848 etiam
568 1816 642 1848 cod.
666 1816 832 1853 Cusanus,
849 1816 958 1857 Syrtis
974 1816 1048 1847 cod.
1067 1816 1157 1847 Flor.
1206 1826 1282 1847 eam
1294 1815 1440 1847 formam
1459 1815 1538 1847 dedi
1551 1826 1657 1856 quam

125 1866 180 1897 hio
198 1866 234 1898 M
251 1870 286 1898 et
304 1876 341 1898 1v
359 1869 423 1899 644
441 1878 559 1899 omnes
576 1871 646 1899 tres
663 1867 742 1898 libri
759 1867 910 1898 indicare
927 1867 1100 1898 uidentur.
1149 1866 1190 1898 Il.
1211 1866 1287 1897 Lat.
1307 1867 1370 1897 247
1387 1866 1531 1906 phorcus
1542 1866 1658 1908 forcus

120 1916 220 1957 fortis
248 1918 381 1950 codices
473 1920 537 1952 586
563 1922 710 1950 ruentem
739 1918 876 1950 beluam
902 1919 1068 1955 feramue,
1096 1919 1161 1949 etsi
1189 1918 1374 1949 antecessit
1401 1918 1540 1949 monstri
1567 1920 1655 1950 581:

125 1969 204 2000 uide
224 1969 268 2000 ad
290 1971 348 2002 181
372 1970 543 2002 adnotata
634 1972 787 2003 578-592
805 1971 841 2001 in
860 1972 937 2001 toto
957 1970 1021 2001 hoc
1040 1969 1115 2001 loco
1135 1969 1332 2006 exclamari,
1352 1979 1422 2000 non
1441 1969 1657 2011 interrogari,

124 2020 295 2052 intellexit
326 2021 515 2053 Bechertus
545 2021 792 2063 praeeuntibus
822 2022 858 2052 in
888 2020 1029 2062 singulis
1059 2021 1097 2052 F.
1130 2021 1231 2052 Iunio
1261 2020 1357 2061 Fayo
1389 2020 1568 2062 Postgatio

170 2073 234 2105 588
258 2081 363 2113 quam
386 2073 494 2104 tacite
519 2072 708 2109 Bentleius‚
735 2081 802 2113 qua
827 2071 865 2111 G,
891 2081 975 2113 quas
1000 2071 1073 2110 LM,
1100 2080 1187 2112 quae
1211 2071 1263 2110 L²‚
1289 2071 1363 2112 quis
1388 2072 1463 2103 cod.
1490 2072 1655 2110 Venetus,

123 2126 159 2154 ut
182 2123 270 2155 Flor.
291 2127 326 2156 et
345 2124 444 2156 Bodl.
467 2127 503 2156 et
524 2127 605 2156 ante
625 2123 821 2156 Bentleium
840 2123 988 2155 editores
1079 2132 1180 2154 auras
1203 2122 1292 2154 Flor.
1317 2126 1353 2154 et
1375 2123 1487 2160 Bodl.,
1510 2132 1595 2155 aura
1617 2123 1656 2163 G,

124 2182 209 2206 auro
229 2174 292 2206 LM
381 2185 481 2215 quam
495 2175 585 2216 fuqit
606 2175 644 2206 in
663 2185 776 2211 auras,
798 2185 904 2215 quam
924 2174 1038 2206 nullus
1058 2174 1094 2205 in
1114 2177 1191 2205 toto
1212 2184 1353 2215 corpore
1372 2174 1512 2206 relictus
1532 2178 1596 2211 est,
1617 2179 1658 2207 ut

125 2224 223 2257 Lucr.
248 2234 286 2257 vr
309 2227 372 2258 814
394 2237 494 2266 quam
515 2226 604 2257 uitai
625 2226 723 2266 copia
744 2225 837 2257 desit.
886 2236 968 2256 nam
990 2235 1121 2257 uanum
1143 2235 1216 2256 esse
1238 2224 1333 2265 quod
1355 2225 1557 2266 Postgatius
1579 2226 1655 2258 silu.

125 2276 215 2308 Man.
232 2287 265 2318 p.
282 2279 325 2308 55
340 2277 531 2314 contendit,
546 2287 647 2317 quam
661 2287 723 2318 pro
738 2280 774 2307 ut
789 2287 859 2308 non
874 2277 956 2317 poni
972 2277 1007 2307 in
1022 2276 1124 2307 rebus
1139 2286 1228 2316 quae
1243 2276 1389 2316 gradum
1404 2286 1475 2308 non
1489 2276 1655 2315 habeant,

125 2327 179 2359 uel
199 2338 242 2359 ex
261 2339 302 2360 eo
321 2331 468 2370 apparet
486 2328 581 2369 quod
601 2328 727 2359 dicitur
745 2338 846 2368 quam
865 2327 975 2359 nihil:
1010 2327 1099 2358 adde
1119 2327 1186 2359 Cic.
1209 2327 1251 2358 de
1271 2337 1318 2358 or.
1340 2336 1369 2358 11
1391 2328 1452 2359 180
1472 2338 1573 2367 quam
1591 2329 1657 2360 sim

125 2378 216 2416 deus,
243 2379 344 2411 Mart.
373 2388 413 2411 XI
439 2381 481 2412 53
510 2381 525 2411 l
554 2389 604 2420 sq.
634 2379 780 2411 Claudia
811 2378 970 2410 caeruleis
1000 2388 1075 2410 cum
1105 2378 1149 2409 sit
1177 2377 1304 2419 Rufina
1332 2378 1512 2410 Britannis
1533 2377 1537 2421 Ι
1557 2379 1656 2417 edita,

124 2440 237 2470 quam
265 2430 383 2462 Latiae
404 2434 535 2471 pectora
558 2430 664 2470 yentis
693 2429 830 2461 habet!
875 2429 971 2470 quod
989 2432 1109 2460 autem
1127 2429 1186 2469 qui
1204 2430 1362 2466 coniecit,
1382 2440 1452 2461 non
1471 2430 1514 2461 de
1533 2431 1657 2472 spiritu

126 2492 246 2513 uerum
276 2482 318 2513 de
346 2482 430 2523 fuga
458 2482 530 2513 eius
560 2482 674 2522 agitur
766 2483 828 2514 591
859 2480 1044 2512 adnantem
1073 2479 1153 2518 GL2,
1183 2480 1370 2511 adnautem
1397 2480 1461 2511 LM
1548 2492 1658 2522 poena

125 2532 367 2564 Andromedae
387 2536 483 2564 cetus
502 2533 617 2573 ipsum
637 2531 845 2573 appellatur,
865 2535 906 2563 ut
927 2531 978 2562 ira
998 2531 1095 2562 deum
1115 2535 1151 2562 et
1173 2531 1338 2562 Tonantis
1358 2531 1535 2573 Harpyiae
1555 2533 1655 2575 Verg.

125 2583 209 2615 Aen.
224 2592 266 2614 ΠΙ
278 2584 342 2615 215
356 2587 391 2615 et
403 2583 478 2615 Val.
493 2583 543 2614 Fl.
558 2592 595 2614 IV
608 2584 673 2614 428
758 2582 917 2623 serentem
930 2581 1070 2623 pelamis
1086 2582 1181 2623 quod
1193 2582 1388 2624 inpellentis
1402 2593 1488 2614 onus
1499 2583 1656 2624 fugiebat

124 2636 187 2667 580
205 2645 269 2675 sq.‚
286 2645 356 2666 non
373 2635 468 2675 quod
485 2635 520 2666 in
537 2645 594 2666 ore
611 2633 802 2675 nauigabat
819 2635 893 2665 583.
941 2636 1034 2665 recte
1051 2633 1327 2675 Wageningenus
1344 2637 1424 2675 post
1441 2635 1656 2668 incredibiles

125 2686 212 2727 Fayi
234 2688 270 2717 et
292 2686 451 2726 Pingraei
473 2686 510 2716 in
532 2686 596 2716 hoc
620 2695 721 2716 uersu
745 2695 874 2716 errores
966 2687 1030 2718 592
1053 2684 1185 2725 quassis
1208 2684 1278 2725 (uel
1300 2684 1441 2726 plausis)
1467 2685 1655 2725 Bentleius‚

125 2736 261 2778 quantis
291 2736 398 2768 GL2M
428 2736 502 2767 cod.
536 2736 689 2767 Venetus
720 2735 764 2767 ob
795 2735 1002 2767 antecedens
1033 2736 1205 2776 quantula,
1237 2735 1411 2776 quantulis
1442 2735 1478 2774 L,
1510 2736 1656 2770 fortasse

123 2788 253 2829 pansis.
302 2787 478 2819 Bentleius
502 2787 650 2819 contulit
672 2787 772 2819 Ouid.
790 2787 858 2818 hal.
877 2788 896 2818 6
920 2787 1172 2828 concussisque
1195 2787 1279 2819 leuis
1300 2787 1434 2827 pinnis
1457 2787 1505 2819 sie
1530 2789 1655 2821 euolat

125 2840 193 2872 ales
209 2842 244 2872 et
260 2842 342 2871 met.
361 2848 425 2871 XIV
442 2840 505 2871 507
535 2838 716 2870 subuolat
745 2842 772 2870 et
799 2838 959 2879 plausis
987 2849 1092 2870 remos
1108 2838 1323 2871 circumuolat
1347 2838 1439 2870 alis.
1490 2840 1549 2871 sed
1570 2841 1656 2874 nihil
