1855 3088
199 105 252 143 64
788 101 849 142 Μ.
882 99 1134 142 MANILII

220 219 319 253 480³
358 219 401 256 et
421 229 496 256 sua
516 213 692 255 dicendo
713 212 853 263 faciet,
877 212 880 267 Ι
907 212 1151 268 scaenisque
1169 217 1339 267 togatos
1642 209 1729 250 482b

235 295 320 327 482η
359 294 436 330 aut
454 303 629 343 magnos
648 288 797 329 heroas
817 292 926 342 aget,
951 287 955 341 Ι
981 287 1177 342 solusque
1195 301 1270 342 per
1289 287 1425 328 omnis
1643 283 1730 324 480b

235 371 301 402 481
359 363 438 405 ibit
457 377 656 418 personas
676 367 720 404 et
738 362 911 404 turbam
928 362 1078 403 reddet
1096 361 1139 403 in
1158 375 1244 403 uno
1263 375 1273 411 ;

234 446 303 477 483
359 438 495 479 omnis
514 438 710 479 fortunae
729 437 899 478 uultum
918 451 991 491 per
1010 436 1200 477 membra
1218 436 1404 486 reducet,

200 567 253 588 an.
284 557 367 588 1903
393 567 425 597 p.
454 557 495 587 66
521 557 616 596 (non,
642 566 746 596 quem
772 556 844 596 ipse
869 554 964 592 dicit,
990 554 1074 594 Leo)
1099 564 1175 585 orsa
1199 553 1453 585 substituendo.
1502 552 1562 585 sed
1587 554 1734 594 apparet

199 609 321 649 opinor
343 608 516 639 contraria
537 608 621 649 poni
641 617 705 638 sua
726 610 762 638 et
783 606 925 637 externis
946 606 1206 647 praedicarique
1227 605 1403 637 hominem
1424 605 1485 646 qui
1506 604 1618 636 aliena
1640 613 1730 635 com-

201 662 320 690 menta
339 659 484 690 dicendo
502 659 610 690 faciat
629 669 714 696 sua3
747 668 837 699 quae
856 658 968 689 forma
988 658 1153 689 orationis
1172 656 1279 688 uerbo
1298 657 1334 688 in
1352 656 1575 698 participium
1594 657 1733 686 mutato

200 711 405 742 restituitur.
454 710 489 741 id
516 721 598 741 uero
626 712 690 741 ἀπὸ
718 712 820 741 κοινοῦ
842 710 996 751 positum
1018 719 1101 746 esse,
1125 719 1195 750 qua
1217 708 1259 740 de
1281 708 1390 749 figura
1413 708 1458 739 ad
1480 716 1508 738 11
1529 708 1572 739 29
1594 710 1630 738 et
1652 705 1735 738 alibi

201 762 284 799 dixi,
303 765 339 793 et
356 762 512 793 ordinem
529 772 601 792 esse
616 761 722 801 poetis
739 771 798 791 ora
814 771 904 792 nunc
921 771 999 791 uoce
1015 770 1105 791 nunc
1123 759 1219 791 tacito
1235 763 1326 800 qestu
1343 758 1576 800 affectibusque
1592 757 1734 798 referens

201 813 341 854 (referet)
362 813 451 844 uidit
470 813 539 844 Leo
560 812 649 844 anal.
672 812 785 844 Plaut.
807 821 821 843 I
840 823 872 853 p.
895 813 925 843 9.
973 811 1159 852 tragoedus
1178 811 1459 852 pantomimusue
1478 810 1590 851 poetis
1609 818 1734 841 sonum

201 868 236 896 et
259 865 420 906 spiritum
443 865 510 896 oris
533 865 637 895 refert
660 867 700 895 ut
723 863 901 905 speculum
923 863 1145 900 lineamenta,
1168 862 1225 894 ille
1248 872 1343 899 uoce,
1367 862 1422 894 hic
1445 862 1554 893 tacito
1576 863 1677 902 gestu
1699 862 1736 891 et

202 916 408 953 adfectibus,
440 916 476 947 id
508 919 561 947 est
593 915 796 947 adlectuum
827 914 1088 956 significatione,
1119 913 1416 955 quemadmodum
1446 913 1572 944 dicitur
1602 912 1735 944 Auson.

202 969 265 999 322
290 969 376 999 46-9
402 968 509 1007 (Peip.
536 977 568 1008 p.
595 968 673 1006 263)
698 966 855 998 amabilis
877 976 953 997 orsa
977 965 1162 996 Menandri
1184 963 1188 1008 Ι
1208 964 1391 996 euoluenda
1415 963 1501 995 tibi:
1538 967 1573 995 tu
1590 963 1684 1004 flexu
1707 967 1737 996 et

203 1019 356 1051 acumine
372 1019 464 1050 uocis
481 1017 484 1061 Ι
499 1018 691 1049 innumeros
707 1028 861 1048 numeros
880 1016 981 1048 doctis
1002 1016 1188 1048 accentibus
1204 1016 1281 1057 effer
1297 1014 1301 1059 Ι
1315 1015 1563 1056 adfectusque
1592 1015 1737 1055 inpone

202 1071 319 1111 leqens.
369 1070 603 1108 Quintilianus
625 1072 660 1100 et
680 1069 808 1100 Gellius
827 1068 991 1109 adfectum
1009 1069 1284 1109 interpretantur
1302 1070 1421 1104 πάθοσ,
1439 1067 1577 1108 fuitque
1596 1066 1738 1108 Pyladis

204 1123 345 1154 saltatio
377 1123 562 1159 παθητική;
600 1121 680 1152 uide
707 1121 814 1151 etiam
841 1120 918 1152 Sen.
945 1130 997 1161 ep.
1026 1121 1062 1151 11
1091 1121 1109 1151 7
1134 1119 1276 1160 artifices
1299 1118 1455 1156 scaenici,
1479 1118 1538 1158 qui
1562 1118 1738 1149 imitantur

203 1174 361 1215 adfectus,
386 1174 444 1205 121
472 1174 491 1203 6
513 1172 633 1204 mirari
653 1172 796 1203 solemus
817 1171 965 1203 saltandi
986 1171 1122 1212 peritos,
1145 1171 1230 1211 quod
1252 1171 1290 1202 in
1311 1181 1440 1201 omnem
1461 1169 1738 1210 siqnificationem

201 1236 311 1257 rerum
335 1229 363 1256 et
387 1224 576 1265 adfectuum
598 1227 720 1264 parata
745 1223 878 1254 illorum
903 1227 948 1254 est
972 1233 1105 1260 manus,
1131 1222 1243 1254 QLG.
1271 1223 1356 1254 6305
1381 1221 1500 1262 (Kaib.
1527 1222 1631 1263 epigr.
1659 1222 1738 1261 608)

203 1279 265 1310 1-3
294 1279 437 1318 ἱστορίασ
466 1278 572 1314 δείξασ
601 1278 652 1306 καὶ
680 1277 790 1315 χερσὶν
823 1277 951 1306 ἅπαντα
981 1276 1144 1313 λαλήσασ,
1165 1298 1171 1305 .
1192 1298 1199 1305 .
1220 1298 1226 1305 .
1246 1275 1448 1313 συμπάσχων
1477 1275 1594 1304 κείνοισ
1626 1274 1738 1313 οἷσπερ

205 1331 319 1361 κινεῖτο
354 1330 541 1369 προσώποισ
558 1340 565 1365 ;
614 1337 677 1358 sua
712 1327 866 1358 carmina
900 1326 1031 1357 saltata
1065 1336 1137 1357 esse
1169 1326 1276 1357 refert
1309 1325 1454 1357 Ouidius
1485 1325 1575 1356 trist.
1611 1333 1640 1355 11
1674 1324 1739 1356 519

205 1384 241 1412 et
271 1389 293 1411 v
325 1381 343 1411 7
375 1381 417 1410 25
510 1381 574 1412 480
603 1389 667 1410 sua
696 1377 832 1409 dicendo
857 1377 984 1418 faciet:
1028 1377 1194 1408 Barthius
1228 1376 1351 1408 attulit
1385 1376 1487 1407 Mart.
1522 1384 1536 1407 1
1568 1377 1610 1407 38
1644 1385 1740 1416 quem

205 1432 334 1468 recitas,
365 1441 457 1462 meus
486 1434 542 1467 est,
572 1440 590 1461 o
622 1429 812 1466 Fidentine,
843 1429 972 1460 libellus
988 1439 1000 1465 ,·
1022 1427 1026 1471 Ι
1046 1428 1112 1465 sed,
1142 1428 1227 1459 male
1258 1438 1333 1459 cum
1362 1428 1490 1464 recitas,
1521 1427 1643 1467 incipit
1671 1437 1740 1458 esse

206 1488 294 1520 tuus,
323 1482 417 1524 quod
444 1483 604 1513 imitatur
630 1481 803 1512 Ausonius
830 1481 894 1512 393
924 1481 964 1511 14
993 1490 1043 1521 sq.
1074 1480 1182 1521 (Peip.
1211 1490 1245 1521 p.
1278 1480 1357 1519 245)
1386 1479 1464 1510 haec
1481 1481 1598 1510 ...tu
1627 1478 1740 1515 recita,

205 1539 233 1567 et
255 1545 329 1566 uere
348 1537 502 1574 poterunt
524 1537 581 1564 tua
602 1532 689 1563 dicta
710 1532 820 1563 uideri
910 1532 990 1563 huic
1012 1532 1126 1562 uersui
1147 1531 1261 1562 medio
1282 1531 1409 1562 inserui
1431 1532 1495 1563 482
1515 1529 1741 1562 hemistichiis

206 1586 325 1618 ordine
355 1585 510 1621 inuersis,
542 1594 646 1625 quem
676 1584 834 1614 inferiore
864 1583 939 1614 loco
970 1583 1251 1614 coniunctissima
1281 1581 1533 1613 distrahentem
1563 1580 1741 1612 Bentleius

205 1638 391 1670 deleuerat.
440 1636 618 1667 librarium
648 1634 750 1666 simili
780 1634 974 1665 litterarum
1005 1634 1089 1665 serie
1119 1635 1177 1673 (-et
1205 1633 1385 1673 scenisque,
1417 1636 1459 1664 -et
1487 1632 1652 1672 solusque)
1683 1631 1741 1663 de-

206 1692 347 1730 ceptum
369 1688 544 1719 aberrasse
567 1687 708 1723 conicio,
732 1686 887 1717 membra
909 1688 1027 1717 autem
1048 1686 1188 1725 utrique
1209 1685 1356 1725 margini
1377 1684 1553 1725 adscripta
1574 1684 1610 1715 in
1630 1693 1741 1714 unum

206 1750 345 1772 uersum
364 1739 530 1770 coaluisse
549 1748 697 1778 eumque
716 1737 763 1768 ibi
782 1738 973 1778 repositum
991 1747 1063 1768 esse
1082 1736 1141 1767 ubi
1160 1737 1353 1767 orationem
1372 1735 1496 1767 saltem
1513 1745 1584 1766 non
1602 1734 1740 1766 abrum-

207 1795 305 1834 peret
397 1792 461 1823 482
473 1791 608 1830 togatos
622 1789 770 1820 Iacobus
784 1788 858 1829 (sed
870 1791 1049 1829 praeterea
1061 1787 1235 1828 ciuisque),
1246 1789 1383 1828 togatus
1396 1786 1488 1818 GLM
1500 1786 1574 1818 cod.
1587 1786 1742 1817 Venetus

208 1847 249 1875 ut
275 1853 427 1882 rnaqnuS,
455 1845 579 1881 toqatas
605 1840 695 1871 Flor.
723 1843 759 1871 et
785 1839 884 1871 Bodl.
933 1839 997 1870 Ed.
1025 1839 1210 1870 Muellerus
1235 1839 1270 1870 in
1296 1838 1414 1879 philol.
1442 1848 1497 1869 an.
1527 1838 1611 1869 1903
1637 1848 1670 1879 p.
1699 1838 1740 1869 67

207 1894 356 1927 contulit
382 1894 494 1925 Diom.
522 1892 652 1924 G.L.K.
680 1901 693 1922 1
717 1902 749 1932 p.
776 1892 841 1922 489
869 1892 908 1922 16
934 1901 983 1931 sq.
1011 1894 1134 1930 toqatae
1153 1889 1291 1931 fabulae
1314 1889 1471 1921 dicuntur
1494 1899 1577 1929 quae
1600 1888 1743 1929 scriptae

209 1949 287 1978 sunt
302 1944 484 1976 secundum
498 1944 583 1974 ritus
599 1947 626 1974 et
642 1943 791 1974 habitum
806 1943 980 1973 hominum
995 1945 1225 1982 toqatorum,
1252 1941 1287 1972 id
1312 1944 1357 1972 est
1390 1941 1628 1977 Romanorum,
1654 1941 1741 1972 23-6

207 1998 321 2038 prima
334 1996 459 2036 species
472 1999 517 2027 est
530 1998 713 2035 toyatarum
724 2005 806 2034 quae
816 1997 1037 2034 praetextatae
1049 1993 1216 2030 dicuntur,
1228 1992 1265 2024 in
1277 1992 1397 2033 quibus
1415 2016 1421 2023 .
1442 2016 1448 2023 .
1469 2016 1476 2023 .
1494 2002 1582 2032 reyes
1596 1991 1743 2023 Romani

211 2050 264 2080 uel
280 2049 377 2080 (luces
394 2047 610 2083 inducuntur,
625 2056 845 2086 personarum
858 2045 1016 2085 diynitate
1029 2048 1057 2076 et
1069 2044 1270 2076 sublimitate
1287 2043 1463 2084 traqoediis
1477 2043 1615 2080 similes,
1629 2053 1662 2084 p.
1677 2043 1742 2074 490

211 2102 295 2132 10-4
312 2103 419 2139 toqata
432 2101 635 2139 praetextata
654 2108 675 2128 a
695 2097 861 2137 trayoedia
880 2096 1001 2137 differt,
1023 2095 1109 2136 quod
1128 2096 1165 2126 in
1185 2095 1351 2135 trayoedia
1366 2095 1497 2126 heroes
1526 2094 1742 2131 inducuntur,

209 2177 216 2185 .
238 2177 244 2184 .
266 2177 272 2183 .
292 2152 329 2183 in
349 2153 552 2191 praetextata
573 2153 682 2180 autem
703 2159 786 2188 quae
810 2148 1002 2179 inscribitur
1028 2147 1155 2178 Brutus
1177 2147 1231 2178 uel
1256 2147 1391 2183 Decius,
1416 2146 1493 2178 item
1516 2145 1698 2177 Marcellus

300 2211 443 2243 magnos
466 2201 588 2232 heroas
610 2200 662 2238 L2,
686 2209 832 2240 magnus
854 2199 979 2231 heruas
1002 2198 1094 2230 GLM
1185 2201 1248 2231 481
1269 2208 1329 2238 per
1351 2198 1460 2229 omnis
1485 2197 1545 2228 ibit
1568 2207 1741 2237 personas,

211 2255 329 2293 Quint.
348 2255 427 2285 inst.
446 2262 459 2283 Ι
477 2254 495 2284 8
515 2254 533 2284 7
553 2263 628 2284 cum
642 2262 702 2292 per
717 2251 827 2282 omnis
843 2254 871 2282 et
884 2261 1045 2291 personas
1061 2253 1090 2281 et
1105 2249 1252 2291 adfectus
1264 2253 1315 2281 eat
1331 2249 1536 2290 (comoedia)
1627 2247 1744 2280 reddet

212 2306 292 2344 GL2,
320 2304 428 2337 reddit
454 2304 517 2335 LM
608 2303 737 2334 turbam
762 2302 870 2334 reddet
898 2302 935 2333 in
962 2312 1040 2333 une.
1088 2301 1229 2332 Lucian.
1259 2309 1383 2332 XXXIII
1410 2301 1451 2332 67
1479 2303 1533 2332 οὐκ
1562 2301 1742 2331 ἀπεικότωσ

212 2360 245 2389 δέ
270 2360 321 2388 καὶ
344 2359 370 2387 οἱ
395 2357 574 2387 Ἰταλιῶται
599 2357 652 2386 τὸν
678 2356 839 2394 ὀρχηστὴν
864 2355 1059 2392 παντόμιμον
1082 2355 1245 2391 καλοῦσιν,
1271 2354 1334 2383 ἀπὸ
1355 2355 1410 2383 τοῦ
1433 2353 1588 2393 δρωμένου
1610 2352 1743 2391 σχεδόν·

211 2434 219 2441 .
238 2435 244 2441 .
262 2434 269 2441 .
283 2411 318 2439 τὸ
342 2410 418 2446 ’γοῦν
445 2408 712 2446 παραδοξότατον,
738 2408 800 2444 τῆσ
822 2407 924 2443 αῠτῆσ
946 2406 1068 2444 ἡμέρασ
1090 2407 1158 2444 ἄρτι
1180 2406 1238 2442 μὲν
1263 2404 1411 2440 Ἀθάμασ
1434 2405 1594 2441 μεμηνὼσ,
1620 2405 1688 2443 ἄρτι
1709 2404 1744 2434 δὲ

211 2461 283 2492 Ἰνὼ
300 2460 483 2499 φοβουμένη
502 2460 669 2495 δείκνυται,
692 2460 743 2488 καὶ
763 2459 880 2488 ἄλλοτε
898 2457 1032 2497 Ἀτρεὺσ
1049 2456 1064 2486 ὁ
1083 2457 1183 2486 αὑτὸσ
1199 2457 1250 2486 καὶ
1266 2457 1345 2493 μετὰ
1365 2456 1473 2495 μικρὸν
1497 2456 1656 2492 Θυέστησ,
1676 2456 1743 2485 εἶτα

212 2513 371 2551 Αἴγισθοσ
395 2513 413 2548 ἣ
438 2510 595 2549 Ἀερόπη·
620 2511 672 2540 καὶ
693 2511 794 2539 ταῦτα
822 2510 929 2539 πάντα
951 2509 999 2538 elo·
1023 2508 1195 2548 ἄνθρωπόσ
1217 2508 1294 2544 ἐστι,
1322 2506 1472 2538 Cassiod.
1498 2516 1570 2537 ua-r.
1596 2514 1634 2536 IV
1657 2506 1696 2536 51
1723 2505 1743 2536 9

213 2563 300 2594 idem
321 2571 440 2601 corpus
462 2560 639 2591 Herculem
660 2559 809 2599 clesiqnat
830 2563 858 2590 et
882 2559 1048 2595 Venerem,
1066 2558 1232 2599 feminam
1251 2560 1439 2598 praesentat
1460 2557 1498 2588 in
1518 2567 1618 2594 mare,
1640 2566 1745 2596 reqem

206 2614 293 2655 facit
312 2616 340 2644 et
359 2612 508 2647 militem,
528 2622 637 2642 senem
655 2611 760 2641 reddit
779 2614 806 2641 et
826 2611 991 2647 iuuenem,
1011 2613 1047 2640 ut
1067 2610 1104 2640 in
1121 2620 1189 2640 uno
1207 2609 1319 2640 credas
1338 2619 1405 2640 esse
1423 2608 1542 2639 multos
1561 2611 1628 2638 tam
1646 2607 1746 2638 uaria

214 2664 400 2696 imitatione
417 2663 580 2698 discretos,
598 2662 693 2702 quod
709 2663 879 2702 copiosius
895 2664 1060 2693 executus
1074 2664 1127 2692 est
1143 2660 1308 2691 Libanius
1322 2670 1369 2691 or.
1385 2668 1472 2691 LXIV
1489 2660 1607 2691 67-70.
1655 2658 1745 2690 adde

214 2716 310 2748 anth.
331 2714 403 2746 Pal.
423 2713 570 2755 append.
591 2713 686 2744 Plan.
706 2714 782 2750 289,
801 2713 894 2744 Hier.
914 2723 966 2754 ep.
985 2713 1027 2744 43
1046 2712 1163 2753 (Mign.
1183 2720 1265 2743 XX11
1281 2722 1314 2752 p.
1333 2712 1412 2751 479)
1504 2712 1568 2743 483
1584 2709 1716 2741 uultum
1735 2719 1745 2740 :

216 2767 316 2800 Ouid.
338 2767 427 2797 trist.
449 2775 461 2796 Ι
483 2767 496 2796 l
522 2766 582 2796 120
596 2764 753 2805 fortunae
771 2764 903 2795 uultum
921 2789 927 2795 .
948 2788 954 2795 .
975 2788 982 2795 .
1001 2774 1102 2801 meae,
1122 2763 1174 2795 Ib.
1197 2764 1258 2795 122
1272 2762 1429 2804 fortunae
1441 2761 1548 2803 facies
1565 2785 1572 2793 .
1593 2785 1599 2792 .
1620 2785 1627 2792 .
1646 2764 1745 2798 tuae;

216 2829 299 2851 nam
316 2819 351 2850 in
368 2817 443 2849 Val.
462 2817 554 2849 Max.
573 2825 601 2848 11
619 2817 637 2848 6
655 2818 675 2848 8
691 2819 728 2847 et
744 2816 865 2848 ceteris
881 2815 964 2848 locis
981 2815 1068 2847 thes.
1087 2814 1167 2857 ling.
1186 2814 1263 2846 Lat.
1282 2823 1321 2845 VI
1336 2825 1369 2857 p.
1390 2814 1474 2846 1190
1492 2813 1578 2846 67-9
1595 2812 1747 2844 collectis
