1855 3088
206 120 286 159 140
506 116 567 157 M.
601 115 851 157 MANILII
883 115 1366 160 ASTRONOMICON
1398 118 1438 159 V

245 228 310 260 226
333 226 488 259 uersibus
516 227 574 258 181
603 229 639 258 et
666 227 728 258 192
753 226 843 258 adde
868 227 942 258 395.
993 230 1146 259 ceterum
1171 232 1248 260 sunt
1273 239 1294 260 a
1320 229 1476 262 Breitero
1502 241 1557 262 an.
1588 232 1685 269 1889,
1713 242 1734 264 a

199 278 385 312 Thomasio
415 288 470 310 an.
506 278 586 310 1891
620 278 837 319 propositum
868 288 940 310 esse
970 281 1112 320 propter
1143 279 1337 312 Garrodum
1370 284 1406 313 et
1440 281 1737 323 Wageningenum

200 329 342 362 adnoto.

245 383 308 414 231
332 389 355 412 v
372 381 412 412 87
430 383 515 411 terra
530 379 567 417 L,
586 379 686 412 Ouid.
705 390 811 412 amor.
830 389 873 412 111
891 381 931 412 10
947 381 990 412 26
1007 384 1092 413 terra
1109 382 1146 419 P,
1165 382 1246 414 Luc.
1266 392 1293 414 11
1309 384 1373 415 572
1390 386 1492 416 terras
1509 383 1534 416 Z
1550 395 1613 426 pro
1630 387 1729 425 terqa.

200 431 289 465 Stat.
307 431 414 464 Theb.
434 440 488 463 ΧΠ
504 433 568 463 560
585 431 683 463 dubio
700 431 843 472 caelique
862 432 1023 472 Erebique
1039 432 1098 464 sub
1115 443 1187 465 axe.

245 485 310 517 232
333 482 376 515 de
392 483 661 524 transpositione
677 483 757 514 uide
774 483 819 515 ad
835 491 858 514 V
874 484 916 515 30
934 484 1115 516 adnotata.

245 536 309 568 239
332 534 421 566 adde
437 542 461 565 v
476 535 541 566 344
557 537 661 565 ortus.

244 588 308 619 240
331 585 478 617 mixtum
504 586 611 617 etiam
639 585 736 623 Ven.,
765 585 911 618 fortasse
939 586 1074 624 mixtus,
1103 590 1144 619 ut
1171 596 1195 619 v
1222 588 1286 620 350
1315 598 1364 629 sq.
1395 588 1517 620 mixtas
1533 613 1539 620 .
1557 613 1564 620 .
1583 613 1589 621 .
1606 589 1734 621 semine

199 636 440 678 quadrupedes.

244 690 308 722 242
331 690 547 729 aequm-tem
570 691 740 728 tem-pora
762 691 803 720 ut
825 697 863 720 1v
886 690 950 721 549
973 689 1092 721 iud-ex
1115 700 1281 727 ex-amen,
1306 690 1405 722 Luer.
1431 700 1476 722 111
1500 692 1563 723 144
1587 701 1734 723 nu-men

199 739 349 777 men-tis,
371 748 393 770 v
415 741 477 771 105
496 739 663 779 qraui-ter
682 743 875 777 ter-rarum,
897 749 935 771 VI
955 742 1015 772 851
1039 740 1168 772 sub-ter
1188 745 1323 780 ter-ras,
1346 742 1446 784 Prop.
1469 751 1498 774 11
1519 744 1534 774 1
1558 744 1600 774 58
1620 753 1733 775 a-mor

199 791 334 828 mor-bi,
351 791 436 823 Ciris
454 792 516 823 163
535 790 663 822 hau-sit
682 791 897 828 sit-tentibus,
917 792 1016 824 Ouid.
1037 803 1143 824 amor.
1164 802 1192 823 11
1209 794 1229 824 2
1249 794 1290 824 52
1308 803 1526 834 quem-quam
1544 794 1734 835 quam-uis,

199 845 280 874 met.
300 851 337 873 VI
355 844 419 874 380
438 842 547 874 se-des
566 842 702 879 des-ere,
720 842 801 874 Luc.
819 851 857 874 V1
875 844 917 874 42
937 843 1058 875 sil-uas
1074 847 1196 881 uas-ta,
1214 844 1271 876 Sil.
1289 853 1342 876 VII
1357 846 1422 877 569
1438 849 1590 877 mo-uent
1605 846 1731 882 uent-i,

200 895 260 926 721
275 893 429 926 sibi-met
441 897 622 931 met-ueras,
636 894 712 926 Sen.
728 894 816 926 H.O.
834 895 896 926 168
912 894 1161 926 Thessali-cum
1175 906 1264 933 cum,
1279 895 1345 928 Cic.
1361 896 1403 927 de
1415 896 1473 927 off.
1488 906 1502 928 1
1514 897 1552 928 61
1566 896 1735 937 pleni-ore

199 955 268 983 ore,
286 945 354 977 alia
369 945 645 982 innumerabilia,
663 955 752 986 quae
769 956 811 977 ne
828 946 1114 978 animaduertunt
1130 947 1271 988 quidem
1288 947 1414 988 quibus
1431 948 1518 980 talia
1535 949 1733 980 coniectura

199 997 343 1029 inuenta
360 1007 505 1038 magnae
522 997 702 1028 offensioni
720 1000 811 1028 sunt.

244 1050 307 1083 251
332 1048 421 1080 adde
439 1058 543 1080 carm.
563 1048 667 1089 epigr.
688 1048 815 1080 Buech.
836 1049 900 1080 460
919 1049 938 1081 3
957 1049 1101 1080 emeritis
1119 1049 1273 1090 lonqaeui
1291 1050 1440 1082 muueris
1457 1051 1569 1082 aunis.

244 1102 309 1134 252
331 1099 399 1131 tuis
425 1099 610 1136 Garrodus,
638 1100 692 1130 cui
719 1100 935 1131 coniecturae
960 1111 1030 1132 non
1056 1100 1167 1133 malae
1193 1111 1255 1142 ego
1281 1112 1359 1133 eam
1384 1101 1618 1143 praetuleram
1643 1111 1734 1143 quae

199 1161 318 1183 uersus
339 1151 556 1192 Propertiani
577 1150 802 1182 similitudine
823 1151 1056 1183 commendari
1078 1152 1272 1184 uidebatur.

244 1204 308 1236 253
331 1202 420 1234 Stat.
441 1202 547 1234 Theb.
569 1210 607 1233 VI
625 1203 688 1234 902
706 1212 850 1242 pronam
865 1227 871 1234 .
889 1227 896 1234 .
914 1227 920 1234 .
938 1206 1089 1234 extensus
1108 1203 1146 1235 iu
1164 1203 1292 1241 aluum,
1314 1204 1414 1237 Ouid.
1436 1208 1518 1237 met.
1539 1213 1577 1236 Iv
1597 1206 1662 1236 575
1680 1214 1731 1246 sq.

201 1253 209 1267 ‘
224 1253 306 1294 ipse,
321 1263 446 1295 precor,
463 1263 597 1294 serpeus
613 1253 650 1284 in
666 1253 797 1293 lonqam
810 1254 963 1295 porriqar
979 1254 1096 1286 aluum
1110 1255 1129 1286 '.
1154 1253 1158 1298 Ι
1178 1255 1263 1287 dixit
1279 1259 1317 1293 et,
1334 1259 1370 1287 ut
1385 1266 1530 1297 serpens,
1547 1256 1586 1288 in
1601 1255 1734 1297 lonqam

200 1304 345 1337 tenditur
360 1304 487 1337 aluum.

245 1359 309 1390 256
332 1366 382 1398 sq.
401 1356 518 1388 confer
534 1356 579 1388 ad
595 1365 609 1387 1
624 1357 688 1388 469
705 1356 886 1388 adnotata.

245 1410 309 1442 259
332 1406 476 1439 incuruo
493 1406 521 1439 G
536 1410 577 1439 ut
593 1411 689 1449 puto.

244 1461 309 1493 269
332 1459 421 1491 adde
443 1467 486 1490 m
506 1460 548 1490 22
570 1459 655 1499 reqis
676 1458 801 1499 maqui,
823 1458 925 1491 Mart.
950 1468 975 1490 x
996 1461 1034 1491 51
1062 1461 1098 1492 ll
1125 1460 1291 1498 Marcelli,
1315 1461 1383 1493 Cic.
1407 1460 1453 1492 ad
1474 1460 1548 1493 Att.
1574 1470 1628 1492 ΧΠ
1649 1462 1692 1493 29
1713 1461 1733 1492 2

202 1510 419 1551 Damasippi,
444 1509 521 1542 Sen.
547 1521 599 1552 ep.
627 1511 689 1542 108
715 1511 754 1541 12
779 1510 856 1542 haec
879 1514 974 1551 atque
997 1511 1161 1543 eiusmodi
1183 1511 1352 1549 audimus,
1379 1511 1456 1543 Mel.
1482 1521 1496 1543 1
1520 1513 1561 1544 83
1585 1511 1734 1544 habitant

200 1561 343 1594 incertae
358 1561 510 1602 oriqinis.

244 1615 308 1647 270
332 1622 375 1644 ΙΠ
391 1614 452 1645 581
472 1623 530 1644 uec
546 1613 629 1644 satis
646 1616 691 1644 est
707 1637 713 1644 .
731 1636 738 1644 .
756 1636 763 1644 .
779 1613 950 1653 siynorum
967 1624 1106 1651 noscere,
1124 1623 1162 1645 IV
1178 1615 1243 1646 409
1261 1624 1318 1646 uec
1334 1614 1417 1646 satis
1434 1618 1480 1646 est
1495 1639 1502 1646 .
1519 1639 1526 1646 .
1544 1639 1551 1646 .
1568 1614 1700 1646 discere.

245 1666 310 1698 272
332 1675 396 1706 pro
414 1664 421 1677 ‘
436 1664 472 1695 in
488 1664 608 1705 marg.'
626 1663 697 1705 lege
717 1664 724 1676 ‘
738 1674 800 1705 pro
817 1675 888 1695 uar.
908 1664 983 1696 scr.’

245 1718 309 1749 273
332 1715 407 1747 Val.
434 1715 485 1747 Fl.
512 1724 540 1746 11
564 1716 628 1747 387
655 1716 692 1746 in
717 1715 828 1747 laeuos
851 1716 946 1756 piqer
971 1716 1105 1756 auqitur
1129 1716 1230 1754 orbes,
1255 1726 1324 1748 vm
1347 1718 1412 1749 246
1437 1716 1587 1749 dextrum
1608 1716 1736 1757 pariter

199 1769 373 1798 uertuntur
389 1766 427 1798 iu
442 1766 560 1804 orbem,
577 1766 635 1798 Sil.
654 1775 682 1797 11
702 1768 764 1798 170
781 1777 831 1808 sq.
850 1766 985 1798 laeuum
1001 1793 1005 1798 .
1025 1793 1030 1798 .
1049 1793 1054 1798 .
1069 1778 1129 1808 per
1145 1767 1254 1799 orbem
1269 1793 1274 1799 .
1293 1793 1298 1799 .
1317 1793 1323 1799 .
1339 1778 1496 1809 campum
1508 1771 1605 1806 secat,
1619 1777 1657 1799 IV
1673 1769 1737 1800 317

198 1827 249 1859 sq.
267 1817 394 1849 dextros
409 1842 416 1849 .
433 1841 440 1849 .
459 1842 465 1849 .
481 1817 571 1849 orbes
586 1841 593 1849 .
611 1842 618 1849 .
636 1841 642 1849 .
658 1817 807 1849 sinuant.

245 1871 310 1902 284
333 1869 375 1900 de
391 1879 452 1909 que
468 1869 504 1900 in
519 1879 541 1900 a
557 1872 720 1910 corrupto
736 1869 816 1900 uide
832 1869 877 1900 ad
894 1877 931 1900 IV
949 1870 1011 1901 610
1028 1869 1208 1902 adnotata.

246 1922 310 1954 287
333 1930 383 1961 sq.
411 1920 526 1952 diuisa
550 1920 719 1960 quaternis
739 1918 920 1963 [partibus.
972 1920 979 1933 ‘
994 1921 1022 1952 si
1047 1920 1081 1952 la
1105 1921 1195 1962 ligne
1221 1921 1330 1953 divise
1355 1921 1386 1953 le
1412 1921 1519 1954 cerole
1543 1932 1586 1953 en
1611 1924 1736 1963 quatre

200 1972 330 2013 parties
345 1971 353 1984 ’
371 1971 570 2012 Pingraeus,
587 1971 667 2003 uide
683 1972 748 2003 294
765 1972 802 2003 in
819 1972 950 2004 totidem
963 1972 1073 2012 partis
1089 1972 1249 2005 diducere.
1298 1973 1385 2015 Fayi
1402 1983 1551 2005 errorem
1566 1974 1737 2005 iterarunt

200 2022 374 2056 Garrodus
391 2026 426 2054 et
443 2023 728 2064 Wageningenus.

245 2076 309 2108 293
332 2074 412 2106 uide
428 2083 472 2105 111
488 2075 552 2106 599
569 2074 685 2115 ibique
701 2074 881 2106 adnotata.

244 2127 307 2158 300
331 2125 438 2165 exigat
463 2128 504 2157 ut
529 2129 642 2157 exacta
667 2134 711 2156 111
736 2126 811 2162 250,
839 2127 915 2162 392,
942 2127 1018 2163 505,
1045 2126 1140 2167 quod
1165 2137 1256 2158 nune
1282 2126 1424 2158 demum
1449 2127 1494 2158 ob
1521 2126 1670 2159 Garrodi
1695 2129 1731 2158 et

200 2176 448 2218 Wageningeni
464 2187 592 2208 errores
609 2176 851 2209 adnotandum
868 2178 1001 2218 putaui.

245 2231 308 2262 310
330 2231 452 2269 partes,
472 2229 626 2269 regiones
642 2241 649 2260 z
682 2228 747 2260 hoc
767 2238 905 2269 quoque
925 2228 1071 2260 Garrodi
1090 2229 1405 2270 Wageningenique
1425 2240 1538 2261 causa.

246 2281 310 2313 322
333 2289 436 2311 carm.
452 2280 556 2321 epigr.
573 2279 699 2311 Bueoh.
715 2280 778 2312 382
794 2281 815 2311 4
832 2285 857 2311 V
873 2283 900 2311 et
914 2285 978 2311 XX
993 2291 1100 2312 annos
1114 2281 1188 2312 sine
1202 2281 1342 2312 crimine
1357 2280 1444 2312 uixit
1459 2293 1466 2313 :
1495 2281 1736 2312 hexametrum

199 2330 304 2363 efficit
320 2331 464 2371 quinque
480 2335 509 2362 et
525 2331 575 2362 bis
591 2331 700 2362 denos.

247 2384 311 2416 326
338 2382 546 2414 subeuntis
563 2382 737 2414 Garrodus
754 2382 861 2414 nihilo
878 2383 1037 2414 deterius.

247 2435 311 2467 328
334 2433 377 2465 de
392 2437 505 2474 partes
521 2444 603 2474 pars
621 2433 702 2465 uide
721 2434 766 2465 ad
785 2443 822 2465 Ν
841 2435 905 2466 298
924 2437 960 2466 et
978 2435 1039 2466 321
1062 2434 1241 2466 adnotata.
1290 2434 1384 2475 quod
1404 2434 1448 2466 ad
1466 2433 1616 2475 duplicat
1634 2434 1736 2466 deerit

200 2485 341 2522 attinet,
358 2485 525 2526 exemplis
542 2485 640 2517 deme
657 2494 700 2516 m
716 2486 836 2522 350-4,
853 2485 942 2517 adde
958 2494 988 2516 Π
1003 2486 1066 2518 337
1084 2495 1133 2526 sq.
1153 2489 1188 2517 et
1204 2494 1242 2517 IV
1259 2488 1322 2518 577
1339 2496 1389 2527 sq.

245 2538 310 2570 334
331 2539 373 2568 ut
386 2536 527 2576 paribus
543 2536 669 2576 (lineis)
686 2537 737 2568 ita
754 2537 817 2568 644
834 2547 997 2577 uaqarum
1014 2537 1230 2577 (stellarum).

244 2589 308 2621 337
332 2587 374 2619 de
389 2587 469 2619 locis
484 2598 527 2619 ex
542 2587 612 2619 loca
627 2588 799 2619 audiendo
815 2588 894 2620 uide
910 2597 953 2619 111
971 2589 1033 2620 158
1049 2588 1165 2629 ibique
1181 2588 1363 2620 adnotata.

246 2640 309 2672 338
332 2638 378 2670 ad
393 2649 475 2679 quae
491 2639 632 2670 auditur
647 2649 784 2679 cumque
799 2650 841 2670 ex
858 2640 1076 2680 praecedenti
1092 2640 1316 2680 quiscumque,
1334 2649 1404 2680 qua
1421 2639 1463 2671 de
1479 2650 1514 2671 re
1531 2639 1612 2671 uide
1629 2648 1671 2671 ΠΙ
1688 2640 1730 2672 68

199 2700 358 2731 quaeque
374 2690 422 2721 ibi
439 2689 566 2722 collata
582 2701 673 2721 nunc
691 2691 782 2721 auxi.

245 2743 309 2775 339
332 2741 437 2773 schol.
456 2741 556 2773 Bern.
576 2741 656 2772 Luc.
676 2750 744 2772 VIII
760 2743 779 2772 2
797 2742 955 2773 circuitus
965 2742 1051 2783 facit
1067 2743 1144 2774 uiae
1161 2742 1384 2782 dispendium.

244 2795 308 2826 347
331 2803 377 2824 au
388 2803 409 2824 a
419 2792 567 2824 librariis
578 2793 653 2834 pari
666 2793 864 2824 condicione
876 2793 1013 2825 illatum
1025 2797 1078 2825 est
1090 2794 1124 2824 in
1139 2793 1255 2831 Quint.
1270 2794 1349 2825 inst.
1366 2802 1417 2824 vn
1430 2794 1450 2825 3
1462 2794 1504 2825 30
1515 2793 1547 2824 si
1558 2796 1734 2833 quaeratur

200 2844 275 2884 [an]
291 2844 492 2876 amatorium
508 2854 673 2875 uenenum
689 2844 733 2875 sit
749 2854 857 2876 necne.
