1855 3088
578 138 767 180 LIBRO
800 138 874 179 ΙΙΙ
906 137 1211 179 ADDENDA
1581 140 1656 177 151

178 247 328 279 206-210
352 246 513 278 C.C.A.G.
531 255 598 277 VIII
612 247 624 278 i
638 257 670 288 p.
689 247 729 278 67
746 248 800 278 ἐὰν
818 245 929 286 σφαλῇ
947 247 962 277 ὁ
979 248 1172 287 ὼροσκόποσ,
1193 247 1321 286 ἐσφάλη
1339 246 1354 277 ὁ
1373 247 1450 277 ὄλοσ
1468 247 1626 283 θεμέλιοσ.

181 299 244 329 214
267 298 302 328 in
318 300 419 328 textu
436 298 701 338 imprimendum
718 297 786 329 fuit
804 298 811 311 ‘
825 299 1014 339 exprimere
1029 298 1048 329 ’.

180 349 243 381 215
267 348 355 380 Stat.
375 349 480 380 Theb.
500 357 537 379 VI
554 350 618 380 568
635 349 830 389 deprendere
846 349 935 386 libri,
952 348 1170 389 conprendere
1187 348 1279 380 Seru.
1299 348 1383 379 Aen.
1404 356 1443 378 Ix
1460 349 1534 379 556.

180 401 243 432 230
267 402 346 430 utra
361 410 483 431 manus
498 400 534 430 in
549 399 577 431 G
592 401 837 431 correctionem
852 400 971 431 fecerit
986 399 1146 440 equidem
1161 409 1230 430 non
1246 399 1399 440 dispicio.

179 451 242 483 236
265 450 380 481 nullus
403 451 490 482 alius
513 450 646 482 Manilii
669 461 787 482 uersus
810 454 863 482 est
886 451 921 482 in
944 461 1024 491 quo,
1049 453 1089 482 ut
1113 450 1214 482 Silius
1238 459 1307 481 XIII
1331 451 1391 481 211
1417 449 1498 480 dum
1522 448 1661 490 fundit

134 500 294 540 spicula
312 501 352 532 ab
371 501 446 538 alto,
463 501 532 533 duo
551 501 656 533 uerba
675 503 722 532 sic
739 502 895 533 ordinare
915 501 1074 533 maluerit
1089 505 1128 533 ut
1143 504 1288 542 quartus
1302 511 1362 542 pes
1377 511 1461 532 uoce
1475 500 1661 541 spondiaca

136 554 320 589 constaret,
350 553 385 583 in
414 553 537 592 quinto
565 552 662 583 fieret
690 553 784 584 elisio
800 564 806 584 :
850 553 1022 584 contraria
1049 553 1182 583 ratione
1211 555 1263 583 ter
1291 552 1426 593 scripsit
1460 560 1474 582 1
1508 552 1570 582 885
1602 561 1661 591 per

129 601 276 643 funera
304 603 420 642 pacis
448 603 606 640 Athenas,
636 612 663 634 11
691 605 754 635 877
782 603 838 634 sed
859 603 1032 644 fulmine
1058 613 1198 634 rursus
1228 603 1266 634 iri
1297 602 1411 639 altum,
1440 611 1462 633 v
1489 603 1553 634 338
1579 611 1661 642 quae

133 663 279 685 cornua
295 653 405 685 ducet
421 654 464 685 ud
479 657 577 685 astra.

180 706 243 737 238
266 714 368 744 neque
390 704 504 741 ullam,
528 705 587 736 sed
609 705 730 736 eadem
752 705 830 737 sede
853 714 866 736 1
890 706 951 737 137
975 714 1031 736 uec
1053 715 1119 742 aer,
1144 714 1180 736 Iv
1202 705 1267 737 469
1290 715 1347 736 nec
1370 715 1451 741 una,
1475 703 1660 744 utrobique

133 755 358 796 praecedente
391 755 500 787 altero
533 766 600 787 uec.
649 766 750 796 neque
783 759 960 797 praeterea
992 766 1062 787 non
1094 756 1233 787 eliditur
1265 756 1331 787 nisi
1363 758 1527 795 sequente
1560 754 1659 791 enim.

131 814 173 836 111
192 808 265 843 165,
284 808 358 843 376,
376 808 450 838 444.

177 859 240 890 245
264 857 333 888 luce
346 857 406 888 sub
419 858 511 889 omui
525 857 613 889 Stat.
629 858 735 889 Theb.
751 867 779 889 11
793 859 856 889 318
873 870 879 890 ε
908 858 996 889 adde
1010 857 1101 889 Man.
1117 866 1140 888 v
1154 858 1217 890 396
1232 860 1267 889 et
1281 858 1345 889 699
1359 856 1419 888 tali
1432 857 1492 888 sub
1507 860 1658 896 tempore,

133 916 170 938 IV
188 909 247 939 821
268 908 417 940 inmenso
433 909 493 940 sub
510 920 591 940 aeuo
608 909 723 949 ibique
740 909 918 940 adnotata.
966 910 1002 940 in
1016 909 1115 941 Ouid.
1130 909 1219 940 trist.
1234 917 1277 939 ΠΙ
1289 909 1308 939 2
1322 909 1364 940 23
1377 918 1426 949 sq.
1445 907 1661 939 retinendam

133 969 205 990 esse
225 959 404 991 meliorum
425 960 581 991 codicum
602 960 783 991 lectionem
804 960 835 991 ei
855 960 949 997 mihi,
970 960 1056 1000 quod
1076 960 1191 991 totiens
1212 959 1316 990 nostri
1333 958 1469 999 pulsata
1488 958 1632 999 sepulcri
1653 956 1657 1001 Ι

133 1009 238 1041 ianua
267 1010 335 1041 sub
365 1010 456 1041 nullo
472 1014 612 1051 tempore
628 1014 742 1051 aperta
751 1011 832 1052 fuit,
850 1011 909 1042 ubi
925 1011 980 1042 sed
995 1011 1154 1047 editores,
1172 1010 1349 1051 disputaui
1364 1009 1519 1051 pluribus
1535 1009 1661 1041 adlatis

132 1060 297 1102 exemplis
310 1062 345 1092 in
359 1061 584 1102 Proceedings
598 1062 633 1093 of
646 1062 705 1093 the
719 1062 835 1094 Camb.
853 1062 939 1093 Phil.
955 1062 1028 1093 Soc.
1044 1072 1098 1093 an.
1116 1062 1199 1093 1927
1213 1072 1246 1103 p.
1261 1062 1313 1093 31.
1361 1061 1421 1092 sed
1434 1060 1525 1092 Man.
1541 1069 1583 1091 111
1596 1061 1660 1092 249

131 1112 227 1143 uario
244 1112 303 1143 sub
321 1115 461 1152 tempore
476 1112 580 1154 paulo
597 1113 696 1144 aliter
712 1113 848 1150 dicitur,
867 1113 1082 1144 uariantibus
1099 1112 1322 1154 temporibus.

178 1165 241 1196 272
265 1173 314 1204 sq.
332 1173 414 1203 quas
430 1163 515 1203 riyal
530 1188 536 1195 .
555 1188 561 1195 .
580 1188 586 1194 .
603 1167 630 1195 el
646 1188 652 1195 .
671 1188 677 1195 .
695 1188 701 1195 .
719 1164 869 1195 imitatur
884 1163 993 1195 sidera
1009 1175 1015 1195 :
1042 1164 1121 1195 uide
1137 1163 1182 1194 ad
1198 1172 1235 1194 Ν
1252 1164 1325 1194 695.

177 1216 240 1247 276
264 1214 308 1245 ad
326 1218 402 1254 quot
419 1214 659 1246 indeclinabile
678 1215 818 1246 auditur
837 1215 1012 1246 ablatiuus
1031 1214 1243 1246 substantiui
1263 1217 1303 1245 ut
1322 1213 1366 1245 ad
1386 1213 1516 1244 tolidem
1535 1222 1577 1244 111
1596 1214 1656 1245 381

132 1267 168 1296 et
184 1266 257 1296 569.

176 1318 240 1349 279
262 1326 325 1357 pro
342 1316 478 1348 duxerat
494 1316 566 1357 lege
582 1316 720 1348 duxerit.

183 1368 246 1399 290
270 1367 359 1398 Stat..
374 1367 479 1398 Theb.
495 1376 532 1398 VI
546 1368 607 1398 682
625 1378 674 1408 sq.
690 1367 803 1399 discus
816 1370 950 1399 rotatus
966 1366 1104 1398 ,sublime
1118 1367 1199 1407 petit
1215 1370 1251 1398 et
1266 1366 1388 1398 cresci
1395 1370 1405 1397 t
1422 1366 1458 1397 in
1475 1365 1664 1397 aduersum.

178 1420 241 1451 296
264 1418 300 1449 in
329 1419 488 1459 genitura
518 1419 666 1450 hominis
697 1418 832 1450 Tiberio
863 1419 1016 1460 principe
1046 1419 1120 1449 nati
1150 1428 1229 1459 pap.
1257 1418 1344 1458 Oxy.
1371 1418 1435 1449 235
1462 1418 1501 1449 13
1526 1417 1608 1457 (uol.
1634 1426 1662 1448 11

131 1479 164 1510 p.
194 1470 269 1509 139)
297 1471 469 1510 ὡροσκοπεῖ
500 1472 633 1510 Ταῦροσ.
681 1470 956 1511 Wageningenus
987 1469 1029 1500 de
1056 1469 1157 1501 huius
1184 1469 1279 1500 uerbi
1305 1468 1398 1509 apud
1423 1468 1568 1500 Sextum
1593 1478 1661 1499 em-

133 1520 289 1561 piricum‚
319 1531 422 1561 quem
449 1531 641 1561 numquam
668 1520 808 1562 legerat,
838 1520 1086 1562 significatione
1115 1520 1334 1552 mendacium
1362 1530 1432 1551 non
1460 1520 1531 1561 ipse
1560 1519 1661 1550 finxit

133 1571 193 1603 sed
209 1582 251 1603 ex
267 1571 384 1603 lexicis
399 1572 534 1603 furatus
551 1575 613 1603 est.

179 1624 242 1655 299
265 1623 429 1663 quoniam
459 1623 595 1654 futuros
625 1623 694 1654 seio
723 1633 871 1663 quorum
901 1633 1000 1655 aures
1030 1623 1114 1654 haec
1143 1622 1228 1654 ratio
1257 1621 1508 1662 siqvw...ill0‚
1539 1624 1662 1662 utpote

134 1674 330 1705 coniectura
349 1675 503 1711 inuenta,
525 1674 714 1711 offendant,
735 1674 892 1706 adscribo
912 1683 955 1705 111
977 1675 1038 1706 183
1058 1673 1212 1705 subiectis
1231 1673 1321 1704 senis
1337 1697 1343 1704 .
1361 1697 1367 1704 .
1386 1697 1392 1703 .
1410 1673 1519 1708 cistris,
1541 1681 1578 1703 Iv
1598 1673 1661 1704 213

133 1725 244 1765 potius
265 1725 394 1765 qensz'tus
415 1725 459 1756 sil
480 1725 630 1762 Seruius,
654 1725 734 1757 Luc.
759 1734 781 1756 v
806 1727 845 1756 15
864 1726 1015 1766 primum
1036 1728 1217 1756 maestum.
1236 1749 1242 1756 .
1260 1749 1266 1756 .
1284 1728 1418 1761 coetum,
1442 1725 1504 1755 252
1528 1727 1662 1755 truncus

133 1776 289 1808 manibus
304 1801 310 1807 .
329 1800 335 1807 .
354 1800 360 1807 .
377 1776 516 1808 relictus.

180 1829 332 1860 304-322
354 1828 478 1859 iniuria
506 1828 685 1859 Lucanum
712 1828 908 1869 uituperaui
936 1827 980 1859 ob
1007 1827 1225 1859 librariorum
1253 1836 1423 1858 errorem:
1465 1826 1544 1857 uide
1572 1836 1662 1857 nunc

132 1878 293 1910 editionis
310 1889 405 1910 meae
421 1889 478 1920 pp.
497 1880 559 1911 277
577 1882 613 1910 et
629 1880 691 1911 332
709 1889 758 1920 sq.

178 1932 241 1963 305
264 1930 366 1961 Mart.
384 1938 397 1960 1
412 1931 454 1961 48
471 1931 489 1961 6
505 1940 624 1961 caueae
639 1931 745 1961 etiam
760 1942 792 1969 γ.
833 1929 958 1971 Appul.
976 1932 1057 1961 met.
1077 1938 1115 1960 lx
1140 1930 1179 1960 18
1193 1928 1262 1970 fille
1284 1927 1488 1960 tenebrarum
1502 1931 1663 1960 conlectus

133 1984 228 2021 atque
244 1980 462 2012 absconditu-s.
513 1981 551 2018 Q.
571 1981 683 2012 Seren.
703 1982 765 2013 915
784 1981 889 2012 iustae
905 1980 1046 2021 pondere
1062 1980 1172 2011 librae.

177 2034 241 2065 309
265 2031 317 2063 illi
335 2031 490 2063 meliores
508 2032 586 2063 libri
604 2035 666 2063 aut
684 2042 762 2073 pars
781 2041 899 2063 eorum
918 2031 1017 2063 Ouid.
1038 2031 1117 2062 fast.
1139 2039 1176 2061 VI
1193 2031 1269 2068 424,
1289 2031 1378 2062 trist.
1399 2039 1412 2061 1
1433 2032 1445 2061 1
1472 2032 1521 2067 17,
1541 2039 1568 2061 11
1586 2031 1661 2066 373,

133 2083 209 2114 qu.
229 2091 251 2114 v
267 2084 308 2114 42
327 2083 406 2123 (nisi
422 2083 562 2114 datiuus
579 2084 655 2122 est).

178 2135 241 2166 312
265 2134 363 2165 deme
382 2133 463 2165 Luc.
484 2142 537 2164 VII
556 2135 630 2170 671,
650 2133 739 2165 adde
758 2134 856 2165 Lucr.
878 2142 900 2165 v
921 2134 1016 2170 1002,
1037 2133 1117 2164 Luc.
1140 2141 1167 2163 II
1185 2134 1239 2169 27,
1259 2133 1325 2164 Cic.
1347 2132 1431 2173 legg.
1454 2141 1481 2163 II
1498 2133 1551 2164 43.
1600 2142 1661 2173 pro

131 2184 281 2217 redditur
297 2184 564 2226 imprimendum
580 2184 648 2215 fuit
664 2184 818 2216 redditur.

179 2237 242 2269 315
266 2235 384 2267 Claud.
406 2235 481 2267 Stil.
503 2245 530 2266 II
549 2237 609 2266 441
633 2246 695 2276 pro
714 2245 832 2275 mayno
851 2234 899 2266 sol
918 2235 1034 2266 limine
1053 2244 1132 2275 pars
1152 2234 1309 2265 codicum
1330 2233 1479 2265 Phoebus
1498 2233 1541 2265 ad
1560 2233 1661 2265 limen

133 2286 359 2328 praecedente
375 2287 411 2317 in
427 2288 491 2318 440
508 2286 640 2318 Phoebi.

176 2340 239 2371 319
263 2337 305 2369 de
322 2337 533 2369 Matritensis
550 2338 585 2368 in
602 2346 615 2368 I
632 2339 691 2368 571
712 2337 857 2368 lectione
874 2337 953 2368 uide
969 2347 1060 2368 nunc
1077 2336 1122 2367 ad
1137 2336 1260 2367 locum.

180 2390 243 2421 320
266 2397 289 2419 v
306 2389 370 2420 369
385 2398 488 2428 qeuus
499 2388 581 2430 <iu>
597 2398 659 2429 pro
675 2398 735 2428 que
750 2397 853 2428 glenus
868 2388 1022 2419 restituit
1038 2387 1197 2419 Huetius.

179 2441 243 2472 324
267 2442 358 2470 temet
384 2439 512 2471 Seneca
538 2439 610 2470 H.f.
641 2440 736 2475 1011,
766 2439 860 2475 1252,
888 2438 976 2469 Med.
1006 2439 1080 2475 899,
1108 2437 1236 2469 Phaed.
1265 2438 1340 2474 257,
1367 2438 1442 2474 588,
1472 2436 1554 2469 Oed.
1584 2438 1658 2474 809,

133 2490 194 2532 Ag.
213 2492 266 2527 51,
287 2492 360 2521 203.
406 2490 629 2530 prouecseril:
665 2490 754 2521 adde
776 2498 818 2520 111
840 2490 903 2521 325
925 2499 1098 2525 conuexsa,
1122 2498 1159 2520 IV
1182 2490 1244 2521 693
1268 2488 1432 2520 masexima
1454 2488 1659 2529 (inaexima),

131 2550 154 2573 v
171 2543 234 2573 417
252 2544 297 2573 est
313 2541 361 2573 sic
378 2541 495 2581 (ecsit),
514 2542 572 2572 661
594 2540 684 2572 lacxo
700 2540 747 2577 M,
765 2549 802 2571 1v
818 2541 882 2572 535
896 2540 1105 2580 producxerit
1121 2539 1157 2571 L.

177 2594 240 2626 325
264 2593 362 2623 omisi
383 2592 496 2623 locum
517 2592 561 2623 ad
582 2602 695 2623 meam
715 2591 944 2632 Scaligerique
964 2591 1134 2622 rationem
1155 2590 1427 2622 confirmandam
1447 2590 1658 2631 appositissi-

132 2653 228 2675 mum
256 2643 337 2674 Luc.
368 2652 405 2674 VI
435 2644 539 2674 181-3
568 2653 635 2673 von
662 2642 790 2682 sequior
817 2642 958 2673 extulit
986 2642 1100 2673 illum
1121 2640 1125 2684 Ι
1145 2641 1272 2673 saltus
1299 2644 1332 2672 et
1359 2641 1396 2672 in
1419 2641 1544 2671 medias
1570 2641 1660 2671 iecit

131 2704 230 2734 super
253 2705 346 2725 arma
368 2697 515 2725 cateruas
534 2692 538 2736 Ι
554 2704 653 2733 quam
672 2704 731 2733 per
752 2704 882 2724 summa
903 2693 1010 2733 rapit
1031 2692 1161 2724 celerem
1185 2692 1349 2723 uenabula
1370 2691 1547 2732 pardum.
1571 2691 1659 2723 adde

132 2745 208 2776 Seu.
239 2756 290 2785 ep.
324 2747 362 2775 15
390 2746 410 2775 4
439 2744 566 2775 saltus
595 2744 647 2775 uel
675 2744 740 2781 ille,
767 2744 826 2784 qui
856 2754 996 2784 corpus
1028 2744 1064 2775 iu
1091 2744 1195 2775 altum
1222 2743 1341 2779 leuat,
1369 2743 1421 2773 uel
1449 2742 1513 2778 ille,
1537 2743 1595 2781 qui
1623 2743 1660 2775 in

133 2796 267 2836 lonyum
294 2796 431 2832 mittit,
465 2796 568 2837 Soph.
601 2796 653 2826 Ai.
684 2797 701 2827 7
734 2806 783 2836 sq.
817 2797 850 2826 εὖ
878 2797 911 2827 δέ
938 2796 969 2826 ‹r’
997 2797 1168 2836 ἐκφέρει..
1185 2796 1321 2836 .βάσισ,
1345 2794 1426 2824 Luc.
1457 2801 1480 2823 X
1504 2793 1611 2824 313-5
1635 2797 1663 2824 te

132 2847 279 2888 (Nilum)
295 2870 303 2879 .
320 2870 327 2879 .
345 2870 352 2879 .
368 2846 476 2878 molli>¹
494 2847 609 2887 lapsus
625 2847 702 2887 aqil.
