1855 3088
222 123 302 161 144
521 121 581 161 M.
615 119 866 162 MANILII
899 120 1381 164 ASTRONOMICON
1413 121 1454 163 V

260 234 324 266 '730
347 232 449 264 simili
466 232 591 264 mendo
608 241 650 263 111
666 233 730 264 540
747 231 846 263 tradit
862 231 940 263 libri
956 243 1019 273 pro
1035 232 1192 272 tradique.

259 285 323 317 '740
346 294 413 315 esse
429 295 435 314 :
462 283 552 314 adde
570 283 668 315 Lucr.
691 293 727 314 VI
748 285 811 315 715
830 294 880 323 sq.
902 283 1072 323 aquilones
1088 308 1094 314 .
1113 308 1119 314 .
1138 308 1144 315 .
1161 284 1219 324 qui
1238 284 1355 316 etesiae
1374 295 1442 316 e-sse
1455 284 1623 325 seruntur.

259 337 321 368 '741
346 344 487 375 namque
500 345 562 376 pro
577 345 693 375 nempe
707 334 795 366 Stat.
812 335 918 366 Theb.
936 344 987 366 vn
1004 336 1043 366 14
1058 334 1131 366 cod.
1149 346 1237 367 unus
1252 346 1339 367 saec.
1357 345 1391 367 x.
1431 335 1508 368 Sen.
1525 336 1606 368 dial.
1624 345 1679 368 ΧΠ
1697 337 1717 368 6
1734 338 1748 369 1

212 385 388 417 uideamus
400 386 481 426 quid
492 386 536 417 sit
549 385 697 417 exilium.
746 396 862 426 nempe
875 385 938 417 loci
950 386 1169 417 commutatio.
1207 386 1266 418 sed
1279 397 1359 418 nam
1374 411 1381 418 .
1399 411 1406 418 .
1424 410 1431 418 .
1448 397 1590 428 namque
1602 387 1749 420 fortasse

214 447 284 469 non
300 437 409 478 magis
425 447 532 478 quam
547 438 612 468 415
629 447 679 478 sq.
697 437 754 468 sed
768 461 775 468 .
794 461 800 468 .
818 461 825 468 .
841 437 897 468 sed
913 437 1091 478 displicere
1108 437 1221 469 debet.

258 490 322 522 '745
345 487 435 520 adde
459 488 525 520 Cic.
552 488 594 520 de
618 488 687 520 diu.
714 497 742 519 11
765 489 808 519 24
831 488 912 528 quid
934 498 1061 529 quaque
1084 487 1122 519 de
1145 498 1179 519 re
1202 499 1327 529 quoque
1350 492 1494 529 tempore
1511 488 1669 530 futurum
1692 489 1746 522 sit.

212 542 377 577 ceterum,
396 539 492 580 quod
509 539 554 571 ad
571 539 768 580 quicumque
786 540 925 576 attinet,
945 542 1044 571 extat
1062 540 1310 580 interrogatiue
1328 541 1482 581 positum
1499 539 1748 581 qualiscumque

211 591 248 622 in
261 590 433 632 plerisque
448 590 564 623 Ouidii
578 590 754 622 codicibus
769 593 804 622 et
819 590 1029 622 editionibus
1043 601 1086 622 ex
1102 590 1202 622 Pont.
1220 599 1233 622 1
1248 591 1268 622 6
1283 592 1325 623 23
1340 601 1390 632 sq.
1406 590 1638 632 qualicumque
1653 591 1747 623 modo

212 641 298 673 mihi
313 642 382 673 sint
398 652 437 674 ea
448 641 552 683 facta,
568 652 682 682 roqare
703 640 707 685 Ι
727 641 850 679 desine,
868 641 928 673 ubi
945 641 1132 673 Ehwaldus
1148 645 1226 673 sunt
1243 642 1423 674 scribendo
1440 642 1681 674 soloecismum
1697 643 1748 675 ita

212 693 354 725 sustulit
371 692 412 725 u't
430 693 634 725 deteriorem
651 693 810 725 redderet
828 693 1038 724 sententiam
1053 705 1060 724 :
1092 693 1178 724 liber
1195 693 1295 734 longe
1313 694 1466 735 optimus
1483 693 1746 734 qualiacumque,

213 755 256 776 ex
275 754 345 786 quo
363 744 479 785 qualia
497 754 622 785 quoque
641 744 734 776 modo
754 744 854 776 elicui
873 745 909 776 in
928 744 1089 776 Classical
1110 744 1294 786 Quarterly
1314 755 1368 776 an.
1393 745 1477 776 1916
1496 755 1528 786 p.
1554 746 1626 776 142.
1674 745 1747 776 eius

210 795 306 837 quod
329 799 382 828 est
404 795 598 836 quandoque
621 806 701 827 cum
723 795 870 827 relatiuo
894 796 998 837 positi
1022 795 1188 837 exemplis
1212 795 1356 827 accedat
1379 796 1575 827 deuotionis
1598 795 1748 828 formula

211 846 316 879 Maer.
335 847 407 879 Sat.
427 856 470 878 111
486 848 506 879 9
525 849 564 879 10
581 847 657 878 ollis
674 846 807 887 leqibus,
825 847 944 887 quibus
960 846 1154 887 quaudoque
1170 851 1247 878 sunt
1263 847 1408 878 maxime
1424 846 1529 878 hostes
1545 846 1664 878 deuoti.

256 901 320 933 ’747
343 909 406 940 pro
425 899 431 911 ‘
448 899 512 930 689
527 898 535 911 ⁹
553 898 626 940 lege
645 898 651 911 ‘
667 899 731 930 699
747 898 766 929 ’.

256 952 320 984 '756
343 949 428 982 Mar.
447 950 535 981 Vict.
558 949 688 982 G.L.K.
710 959 748 981 VI
767 961 798 991 p.
819 952 838 980 5
861 950 901 980 14
920 959 970 990 sq.
989 949 1142 981 accidunt
1161 949 1341 990 unicuique
1360 949 1485 981 litterae
1503 959 1623 980 nomen
1633 948 1747 991 fiqura

208 1004 362 1042 potestas.
411 1011 530 1033 nomen
548 1004 594 1032 est
612 1011 674 1041 quo
693 1000 891 1041 appellatur,
905 1000 1019 1041 fiqura
1036 1010 1102 1041 qua
1120 1004 1262 1038 notatur,
1280 1004 1424 1041 potestas
1441 1010 1507 1041 qua
1525 1000 1622 1032 ualet.

256 1055 320 1087 ’757
343 1053 423 1085 uide
440 1053 474 1085 G.
493 1052 530 1084 F.
549 1052 588 1084 G.
607 1052 810 1084 Muellerum
827 1055 918 1093 synt.
938 1062 1029 1083 nom.
1048 1055 1084 1083 et
1100 1062 1169 1083 acc.
1189 1062 1246 1093 pp.
1265 1053 1362 1084 51-3.

255 1106 318 1138 '761
343 1104 381 1136 in
400 1114 566 1136 summam
583 1103 715 1144 prodest
734 1114 805 1135 non
825 1103 926 1145 plane
946 1103 1068 1135 eodem
1088 1114 1189 1135 sensu
1210 1103 1284 1135 Liu.
1308 1112 1426 1134 xxxrv
1446 1104 1466 1135 3
1487 1104 1518 1140 5,
1540 1102 1600 1134 sed
1620 1102 1742 1135 eodem

210 1164 253 1188 111
271 1157 309 1188 61
333 1157 372 1187 12
388 1166 500 1196 parua
517 1155 698 1187 certamina
715 1155 754 1186 in
770 1165 936 1186 summam
954 1154 1053 1186 totius
1069 1154 1275 1196 profecerant
1292 1154 1375 1195 spei,
1396 1153 1513 1192 Quint.
1533 1154 1613 1186 inst.
1633 1162 1647 1185 1
1666 1155 1681 1186 l
1704 1154 1745 1187 19

209 1207 268 1239 hoc
281 1217 342 1248 per
357 1206 507 1248 sinyulos
523 1207 660 1247 (annos)
675 1209 889 1247 proroyatum
905 1205 943 1237 in
958 1216 1124 1237 summam
1137 1205 1279 1247 proficit.

256 1260 320 1293 766
344 1259 470 1290 mirum
485 1258 594 1289 uideri
609 1261 726 1299 potest
740 1258 853 1298 ipsam
868 1257 1048 1298 caliginem
1064 1257 1261 1289 abstrusam
1276 1256 1343 1288 dici
1358 1257 1395 1288 in
1409 1266 1479 1297 qua
1493 1256 1569 1288 fata
1583 1256 1745 1288 abstrusa

210 1313 303 1347 sunt,
321 1310 381 1342 sed
397 1310 448 1341 ita
464 1309 624 1341 Lucanus
640 1318 681 1340 lx
698 1309 763 1340 994
780 1308 897 1340 Pallas
913 1308 951 1339 in
967 1308 1115 1339 abstruso
1129 1308 1256 1348 piqnus
1272 1307 1480 1339 memorabile
1496 1307 1624 1348 templo.

254 1363 318 1395 ’775
341 1362 412 1393 ruit
423 1371 555 1397 nemus,
569 1364 610 1392 ut
623 1360 726 1392 Hom.
742 1359 781 1391 Il.
797 1368 893 1391 xxm
908 1361 970 1391 114
982 1369 1070 1400 sqq„
1084 1359 1183 1400 Verg.
1198 1359 1282 1390 Aen.
1298 1368 1335 1390 VI
1350 1360 1412 1390 176
1424 1369 1512 1400 sqq„
1526 1367 1567 1390 XI
1580 1359 1642 1391 135
1655 1368 1743 1400 sqq„

208 1412 290 1445 Luc.
308 1421 352 1444 111
367 1413 432 1445 394
448 1422 536 1453 sqq„
553 1411 611 1444 Sil.
626 1420 650 1443 X
667 1412 731 1443 529
748 1421 811 1452 sq.,
828 1411 917 1443 Stat.
932 1411 1039 1443 Theb.
1054 1419 1092 1442 V1
1108 1411 1149 1443 90
1166 1420 1240 1451 sqq.
1256 1411 1330 1451 (qui
1346 1410 1539 1442 simillimus
1554 1409 1649 1442 locus
1665 1411 1743 1450 est),

207 1474 277 1496 non
297 1474 397 1496 areae
416 1463 595 1496 faciendae
616 1473 720 1495 causa
740 1463 818 1494 urbi
838 1463 873 1493 in
894 1462 996 1494 nudis
1017 1462 1194 1493 montibus
1214 1465 1251 1493 et
1271 1462 1390 1493 uacuis
1410 1461 1555 1493 collibus
1576 1462 1654 1502 (772
1675 1462 1743 1503 sq.)

207 1515 372 1557 surgenti,
399 1525 522 1547 uerum
548 1517 588 1546 ut
614 1517 780 1556 suppetat
807 1514 978 1550 materies,
1006 1514 1096 1546 sicut
1123 1514 1187 1545 779
1213 1523 1263 1555 sq.
1292 1522 1417 1545 saxum
1444 1512 1617 1545 effoditur.
1666 1512 1744 1544 dico

206 1570 349 1610 propter
363 1566 611 1608 Wageningeni
626 1566 671 1598 ad
686 1567 749 1597 772
766 1565 1040 1597 adnotationem.

252 1621 317 1653 ’778
339 1629 383 1651 ne
402 1619 457 1650 cui
475 1618 566 1650 forte
585 1617 799 1649 Matritensis
818 1617 967 1648 amatori
985 1616 1093 1648 libeat
1112 1615 1329 1656 linquuntque
1348 1615 1473 1647 cubilia
1492 1618 1570 1647 nota
1589 1615 1743 1647 conicere

206 1670 365 1702 adscribo
389 1680 432 1702 ex
456 1668 530 1702 Silii
554 1668 729 1700 codicibus
753 1677 781 1699 11
805 1669 870 1700 405
894 1671 923 1699 et
946 1667 1074 1708 qaudet,
1099 1667 1289 1708 qaudetque,
1315 1675 1365 1698 xv
1389 1668 1454 1699 774
1475 1676 1607 1707 perque,
1633 1669 1662 1698 et
1682 1676 1743 1707 per

207 1724 350 1754 uetante
366 1724 477 1753 metro
492 1723 703 1762 permutata,
721 1720 828 1751 etiam
843 1728 881 1750 1v
896 1720 961 1750 276
977 1719 1175 1759 caelumque,
1193 1722 1221 1749 et
1236 1717 1373 1750 caelum.

252 1775 316 1807 '797
339 1773 424 1804 Hor.
442 1771 541 1814 epod.
562 1773 601 1803 17
618 1773 638 1802 5
654 1770 757 1812 refixa
773 1773 808 1802 et
823 1769 941 1811 defixa,
960 1769 1026 1802 Cio.
1044 1769 1129 1811 legg.
1148 1778 1191 1801 111
1206 1770 1246 1800 41
1265 1768 1455 1801 recernendi
1469 1778 1532 1810 pro
1547 1767 1742 1800 decernendi

205 1824 350 1861 codices,
369 1823 453 1855 Hor.
473 1833 577 1855 carm.
597 1831 634 1854 IV
652 1824 672 1854 8
692 1823 731 1854 16
749 1821 888 1853 deiectae
904 1832 967 1862 pro
983 1821 1118 1852 reiectae
1135 1831 1234 1852 unus.
1283 1823 1437 1852 ceterum
1453 1819 1542 1852 falsa
1558 1829 1632 1851 esse
1648 1829 1739 1860 quae

205 1875 380 1908 Garrodus
403 1874 446 1906 de
468 1874 533 1906 hoc
555 1884 657 1906 uersu
680 1873 876 1914 disputauit
898 1873 983 1904 satis
1005 1882 1048 1904 ex
1071 1882 1148 1903 mea
1171 1871 1401 1903 adnotatione
1424 1874 1534 1912 patet,
1558 1871 1624 1902 nisi
1646 1870 1741 1912 quod

204 1927 351 1959 docendi
367 1926 511 1958 lectores
527 1928 609 1957 sunt
625 1935 668 1957 ne
683 1924 720 1956 id
735 1924 877 1965 quidem
892 1923 987 1965 quod
1003 1923 1045 1955 de
1062 1923 1239 1955 Dorotheo
1256 1923 1341 1954 dicit
1357 1932 1478 1954 uerum
1494 1932 1576 1954 esse.

250 1980 314 2012 803
337 1978 373 2009 in
402 1977 460 2010 Sil.
492 1986 506 2008 1
535 1978 600 2009 203
630 1986 680 2017 sq.
711 1975 822 2007 sidera
851 1974 1042 2016 nubiferum
1065 1974 1167 2016 fulcit
1196 1977 1307 2014 caput.
1339 1973 1600 2015 aetheriasque
1621 1971 1626 2016 Ι
1645 1973 1742 2014 eriqit

204 2033 373 2062 aeternum
388 2038 592 2069 compayes
608 2027 716 2060 ardua
731 2027 844 2059 ceruix
860 2027 1072 2058 adjectiuum
1088 2026 1318 2057 necessarium
1335 2028 1397 2056 est.

249 2083 313 2115 805
336 2079 493 2112 similiter
509 2079 690 2111 Lucretius
706 2087 744 2110 VI
761 2079 825 2110 915
842 2077 968 2118 lapidis
984 2078 1057 2109 uim
1073 2076 1281 2117 uinclaque.

250 2134 314 2166 809
337 2141 442 2173 quem
458 2142 500 2163 ex
520 2130 659 2162 Firmici
678 2129 765 2161 libro
782 2138 820 2161 VI
838 2129 953 2161 locum
968 2128 1084 2166 attuli,
1101 2129 1129 2160 is
1145 2129 1181 2160 in
1194 2128 1346 2159 editione
1361 2126 1601 2159 Teubneriana
1619 2129 1741 2169 postea

204 2184 329 2216 emissa
345 2191 383 2214 VI
401 2184 416 2214 1
436 2184 455 2214 2
472 2185 685 2214 numeratur.

249 2237 324 2273 822,
349 2234 409 2275 qui
430 2244 549 2266 uersus
570 2243 712 2264 causam
733 2232 848 2264 reddit
869 2242 929 2263 cur
950 2231 1004 2263 hic
1029 2230 1143 2268 cardo,
1164 2231 1324 2271 quamuis
1347 2230 1422 2261 loco
1446 2228 1596 2267 infimus,
1620 2231 1740 2262 tamen

203 2286 323 2318 ordine
338 2286 517 2328 proximus
533 2285 579 2316 sit
594 2284 717 2326 primo,
735 2283 825 2315 male
841 2282 990 2324 Scaliger
1012 2281 1288 2323 interpungendo
1311 2281 1356 2312 ad
1378 2281 1596 2322 insequentia
1618 2280 1737 2312 traxit.

205 2338 269 2370 823
283 2347 333 2378 sq.
352 2337 400 2368 sic
417 2336 649 2378 superioribus
666 2335 884 2367 subiciuntur
899 2337 940 2366 ut
957 2334 1021 2365 816
1037 2343 1087 2374 sq.
1106 2336 1142 2364 et
1159 2334 1219 2364 831
1239 2342 1289 2373 sq.

249 2391 313 2422 826
336 2388 457 2420 melius
475 2386 649 2419 Garrodus
665 2386 809 2418 lectores
826 2385 872 2417 ad
888 2396 928 2416 ea
945 2394 1035 2425 quae
1051 2394 1113 2425 ego
1131 2383 1242 2415 multo
1259 2386 1340 2415 ante
1357 2383 1403 2415 ad
1419 2391 1433 2414 1
1452 2384 1511 2414 171
1536 2392 1739 2415 monueram

202 2450 310 2481 quam
332 2439 378 2471 ad
400 2439 673 2480 disputationem
695 2436 866 2469 erroribus
887 2436 1051 2468 refertam
1073 2445 1180 2477 quam
1201 2435 1274 2477 ipse
1296 2435 1410 2466 uersui
1432 2443 1461 2465 Π
1483 2435 1546 2466 747
1569 2433 1738 2466 adnexuit

202 2491 384 2523 reiecisset.
432 2500 523 2521 nunc
540 2489 620 2521 uide
636 2489 682 2520 ad
697 2497 720 2519 v
736 2489 800 2520 402
818 2487 998 2519 adnotata.

248 2544 312 2575 828
335 2541 415 2573 uide
431 2542 537 2573 etiam
554 2540 599 2572 ad
615 2549 658 2571 111
674 2540 739 2572 539
755 2538 935 2570 adnotata.

248 2595 312 2627 829
336 2591 457 2624 C.G.L.
474 2600 503 2623 11
517 2602 550 2632 p.
568 2593 631 2623 577
647 2592 686 2622 51
705 2590 815 2627 editio,
832 2588 1067 2630 interpretatio,
1084 2589 1180 2620 cuius
1195 2598 1277 2620 usus
1292 2586 1451 2629 exempla
1465 2597 1508 2619 ex
1522 2586 1737 2629 Hieronymo

202 2644 340 2685 collegit
362 2643 394 2675 S.
420 2643 581 2674 Reiterus
604 2641 692 2673 Berl.
714 2641 797 2683 phil.
823 2641 941 2673 Woch.
963 2651 1018 2672 an.
1042 2640 1127 2672 1919
1149 2650 1207 2681 pp.
1233 2640 1297 2671 694
1319 2648 1383 2680 sq„
1406 2638 1504 2671 uelut
1526 2638 1626 2680 epist.
1650 2638 1694 2670 49
1715 2639 1736 2669 4

202 2698 342 2728 ueterem
357 2694 534 2726 editionem
549 2696 679 2724 nostrae
695 2691 907 2724 translationi
922 2701 1088 2731 compara.

248 2749 312 2780 830
336 2749 504 2778 externum
521 2745 674 2785 (nomen)
691 2756 697 2775 :
724 2743 803 2775 ujde
819 2743 864 2774 ad
881 2751 923 2774 111
942 2744 1013 2774 158.

248 2800 311 2831 831
336 2800 472 2838 praeter
496 2796 738 2828 necessitatem
763 2805 818 2825 me
843 2798 888 2825 est
913 2793 1165 2835 transposuisse
1189 2795 1276 2834 puto
1301 2791 1526 2824 consideratis
1550 2801 1640 2832 quae
1665 2790 1734 2822 Leo

205 2849 317 2881 Plaut.
341 2848 477 2879 Forsch.
496 2858 523 2878 c.
543 2855 580 2877 VI
600 2846 642 2876 de
661 2856 699 2877 ae
718 2845 812 2876 finali
835 2845 1004 2886 exposuit.
1053 2843 1214 2875 Manilius
1235 2844 1326 2875 enim
1345 2844 1476 2884 primae
1496 2842 1734 2874 declinationis
