1855 3088
176 107 200 146 6
764 106 825 148 M.
859 103 1109 149 MANILII

335 235 360 261 a
380 221 518 261 dextri
538 220 679 262 lateris
699 221 817 262 ducit
836 220 1001 275 regione
1022 235 1095 274 per
1114 225 1240 261 astra.

335 295 407 335 sed
426 300 521 335 tum
540 295 677 350 prima
696 309 792 337 suos
812 295 965 350 puppis
985 295 1199 349 consurgit
1218 294 1261 335 in
1280 294 1386 349 ignis

336 374 540 423 quattuor
558 369 602 410 in
621 370 754 424 partis
774 384 871 410 cum
891 369 1086 423 Corniger
1105 369 1259 410 extulit
1278 382 1364 409 ora.

234 450 280 481 40
334 443 405 483 illa
425 444 614 498 quisquis
634 444 713 485 erit
731 444 853 485 terris
873 443 1032 484 oriente
1052 448 1217 484 creatus

334 522 471 558 rector
491 518 570 559 erit
589 519 742 573 puppis
762 518 966 573 clauoque
986 517 1212 559 immobilis
1231 517 1406 558 haerens

335 592 522 633 mutabit
542 593 689 647 pelago
708 597 842 634 terras
861 592 1083 647 uentisque
1104 596 1302 646 sequetur

335 666 551 708 fortunam
570 672 795 722 totumque
815 667 931 708 uolet
949 672 1169 708 transnare
1189 665 1448 720 profundum

335 741 536 782 classibus
557 746 685 797 atque
706 742 809 783 alios
828 755 991 783 menses
1011 741 1230 796 altumque
1249 740 1392 782 uidere

173 914 238 954 GL,
262 925 328 946 om.
352 916 427 947 cod.
450 917 614 953 Venetus,
636 917 696 958 qui
716 916 859 958 nauigat
879 916 1023 957 praebet
1113 924 1195 957 argo
1216 914 1281 955 GL,
1304 923 1383 947 arco
1403 913 1440 946 M
1530 915 1572 947 37
1593 922 1614 945 a
1634 912 1708 951 LM,

173 974 213 997 ac
239 965 277 1005 G,
303 966 387 998 item
411 967 452 999 L2
476 968 535 999 sed
560 979 677 999 rursus
701 978 787 999 corr.
879 967 984 999 dextri
1007 967 1130 998 lateris.
1178 966 1285 997 immo
1309 965 1450 1002 sinistri,
1476 967 1517 996 ut
1540 973 1642 995 uersu
1667 965 1708 995 57

175 1017 280 1049 Orion
295 1030 303 1055 3
333 1022 521 1060 utrumque
538 1020 629 1051 enim
647 1019 741 1051 sidus
757 1019 855 1050 Aries
870 1019 906 1050 in
923 1018 1138 1050 occidentem
1155 1028 1273 1049 means
1290 1028 1311 1048 a
1326 1016 1427 1048 laeua
1443 1019 1549 1056 atque
1566 1013 1711 1046 australi

173 1072 273 1109 parte
296 1069 412 1101 habet.
461 1070 566 1102 schol.
591 1071 688 1102 Arat.
714 1071 756 1102 69
779 1073 867 1109 ἡμῶν
889 1073 952 1111 ’γὰρ
976 1072 1152 1108 ἱσταμένων
1176 1071 1259 1110 πρὸσ
1281 1071 1339 1108 τὴν
1362 1071 1417 1100 τοῦ
1440 1069 1565 1099 παντὸσ
1588 1070 1709 1105 κίνησιν

176 1122 216 1151 τὰ
248 1122 331 1159 δεξιὰ
362 1124 440 1161 μέρη
474 1125 540 1154 ἐστὶ
574 1125 614 1153 τὰ
649 1125 769 1163 βόρεια,
804 1124 843 1153 τὰ
881 1123 914 1153 δὲ
948 1123 1098 1162 ἀριστερὰ
1132 1123 1172 1152 τὰ
1207 1122 1305 1152 νότια.
1359 1130 1429 1160 qua
1461 1119 1596 1150 ratione
1631 1128 1710 1149 eum

174 1171 259 1202 haec
288 1173 355 1203 tria
384 1173 501 1209 uerba,
531 1174 638 1205 dexter
666 1174 801 1204 sinister
829 1173 956 1209 laeum,
985 1183 1045 1214 per
1071 1175 1188 1204 totum
1215 1172 1307 1203 hunc
1334 1170 1461 1202 librum
1489 1172 1711 1210 usurpentur,

175 1223 330 1254 uersibus
350 1226 403 1261 57,
427 1226 500 1261 105,
524 1226 596 1262 131,
620 1226 693 1261 174,
714 1226 790 1261 505,
811 1225 887 1260 539,
909 1225 983 1261 647,
1005 1225 1080 1260 656,
1100 1224 1230 1255 frustra
1250 1222 1401 1254 Huetius
1421 1221 1466 1253 ad
1485 1223 1526 1253 57
1547 1221 1710 1252 dextrum

174 1274 320 1315 Argonis
337 1275 431 1307 latus
450 1276 504 1307 hic
526 1276 710 1317 significari
728 1276 919 1312 contendit,
940 1276 1024 1306 satis
1043 1276 1216 1306 refutatus
1237 1274 1312 1315 ipso
1332 1273 1392 1305 illo
1413 1272 1587 1304 simillimo
1608 1282 1710 1303 uersu

174 1324 311 1357 decuma
337 1327 449 1358 lateris
474 1338 611 1367 sumens
636 1327 675 1358 de
698 1331 793 1367 parte
818 1327 961 1363 sinistri,
988 1326 1115 1357 Arietis
1141 1325 1312 1357 uidelicet.
1359 1325 1486 1356 iterum
1512 1324 1711 1355 aberratum

174 1379 228 1408 est
254 1388 356 1409 uersu
383 1380 458 1416 486,
486 1382 522 1410 et
548 1382 623 1410 tam
651 1382 769 1420 aperte
796 1381 837 1409 ut
864 1378 994 1409 Huetio
1021 1377 1210 1408 tacendum
1236 1376 1342 1408 fuerit
1431 1375 1524 1407 ducit
1551 1374 1711 1416 Scaliger,

175 1427 278 1460 ducat
298 1428 376 1460 libri
398 1433 540 1471 propter
561 1431 718 1470 nauiyet3
753 1429 864 1461 ductat
886 1429 1105 1460 Immischius
1127 1428 1221 1470 apud
1244 1428 1464 1464 Bechertum,
1488 1437 1558 1467 qua
1580 1427 1710 1458 coniec-

175 1482 255 1511 tura
284 1481 478 1513 Breiterum
507 1485 543 1513 et
571 1482 867 1522 Wageningenum
896 1480 1068 1517 ductauit‚
1098 1480 1277 1521 imperitos
1305 1479 1462 1510 homines
1491 1478 1620 1519 quique
1648 1488 1711 1509 nec

175 1530 298 1563 ducem
323 1533 375 1563 sui
400 1533 600 1565 dissimilem
625 1533 722 1573 sequi
746 1532 877 1564 uellent
901 1542 963 1563 nec
987 1532 1053 1573 ipsi
1077 1541 1240 1572 quaerere
1265 1533 1352 1571 quot
1376 1529 1564 1571 qualesque
1587 1532 1712 1571 poetae

175 1581 343 1615 ductandi
375 1585 481 1615 uerbo
514 1585 566 1615 usi
597 1587 712 1616 essent
804 1586 845 1617 38
876 1585 953 1615 tum
985 1582 1163 1614 Bentleius
1195 1582 1417 1613 distinctione
1450 1583 1599 1617 mutata,
1631 1589 1713 1612 cum

174 1633 263 1671 libri,
286 1635 379 1675 quod
401 1639 538 1676 praeter
559 1636 766 1676 Pingraeum
787 1645 906 1666 omnes
926 1634 1100 1671 retinent;
1136 1634 1190 1665 cui
1211 1633 1303 1664 enim
1324 1632 1516 1664 inlitterato
1537 1632 1621 1663 haec
1642 1642 1713 1663 non

175 1684 312 1725 placeat
340 1687 463 1724 oratio,
489 1697 565 1718 cum
591 1687 747 1727 puppis
776 1686 998 1726 consurqit,
1028 1696 1103 1716 cum
1131 1685 1289 1724 Corniger
1316 1684 1430 1715 extulit
1460 1694 1529 1720 ora,
1561 1684 1713 1724 quisquis

176 1736 250 1768 illa
281 1738 432 1769 oriente
463 1742 590 1769 creatus
623 1738 682 1769 erit
715 1741 813 1769 etc?
860 1747 1075 1778 quamquam
1109 1736 1276 1767 Iacobum
1309 1735 1450 1776 quidem
1483 1735 1713 1776 suppuduisse

175 1798 217 1818 ex
244 1789 316 1820 eius
339 1789 620 1830 interpunctione
648 1788 771 1830 colligo
859 1789 972 1829 prima
998 1787 1139 1828 puppis,
1166 1787 1278 1828 prima
1306 1787 1378 1818 eius
1405 1796 1496 1828 pare,
1526 1789 1563 1818 τὸ
1589 1789 1713 1827 βόρειον

177 1842 228 1870 καὶ
247 1842 421 1880 ἡγούμενον
438 1843 605 1880 πηδάλιον,
629 1840 720 1872 Ptol.
744 1843 836 1881 synt.
860 1849 927 1870 VIII
951 1842 964 1871 l
989 1839 1105 1880 (Heib.
1128 1838 1197 1870 uol.
1215 1847 1228 1869 I
1244 1838 1267 1868 ii
1283 1849 1316 1879 p.
1343 1839 1419 1878 152)
1509 1837 1546 1869 in
1565 1837 1653 1879 ignis
1673 1837 1712 1877 G,

174 1890 211 1922 in
228 1891 325 1932 ignes
345 1892 381 1931 L,
402 1892 526 1934 unguis
546 1892 582 1924 M
671 1902 749 1923 suos
769 1892 807 1922 in
827 1891 927 1931 ignis,
949 1891 999 1922 ita
1019 1894 1060 1922 ut
1079 1890 1258 1922 stellarum
1277 1889 1395 1921 lumen
1415 1889 1599 1920 ostendat:
1634 1889 1714 1921 uide

176 1941 221 1973 ad
239 1951 252 1973 Ι
268 1944 329 1975 341
350 1943 521 1975 adnotata
612 1945 653 1976 39
671 1952 731 1974 ora
748 1942 828 1981 GL2,
842 1943 928 1974 hora
944 1942 990 1981 M,
1004 1942 1106 1973 horas
1119 1941 1144 1973 L
1236 1943 1344 1975 40-56
1360 1941 1446 1972 facit,
1462 1940 1554 1981 Argo
1570 1941 1715 1972 nauium

175 1997 324 2026 rectores
346 1998 381 2026 et
402 1998 619 2026 mercatores.
668 1995 798 2025 Teucer
818 1993 907 2025 Boll.
927 1994 1061 2034 sphaer.
1082 2004 1114 2034 p.
1135 1994 1178 2024 45
1197 1994 1216 2031 ἡ
1234 1993 1339 2033 Ἀργὼ
1357 1995 1488 2031 ναύτασ,
1510 1995 1671 2032 ναυαγούσ

269 2048 311 2078 40
332 2045 392 2078 illa
415 2046 603 2082 Bentleius,
620 2045 686 2077 illis
705 2044 783 2076 libri
800 2048 941 2086 propter
957 2044 1053 2076 terris
1144 2043 1295 2085 quisquis
1311 2043 1374 2075 erit
1389 2043 1478 2082 L2M,
1495 2042 1636 2084 quisque
1653 2043 1717 2075 erit

177 2095 214 2135 L,
236 2096 377 2138 quisque
398 2097 461 2129 erit
480 2097 517 2128 in
538 2096 566 2128 G
586 2096 794 2138 interpolate
885 2096 979 2127 terris
999 2099 1126 2126 creatus
1147 2098 1239 2126 recte
1260 2094 1441 2126 coniunxit
1461 2094 1599 2135 Fayus:
1635 2094 1715 2126 uide

177 2148 238 2179 491
261 2151 297 2179 et
316 2157 344 2179 11
363 2150 426 2180 642
519 2151 559 2181 41
578 2150 689 2180 rector
708 2147 789 2186 GL2,
808 2149 924 2188 pector
942 2147 1058 2188 potius
1078 2146 1113 2178 M
1133 2146 1198 2187 (ita
1217 2148 1308 2177 certe
1327 2145 1409 2177 Vrb.
1432 2146 1520 2185 668),
1541 2146 1658 2186 pectus
1677 2145 1714 2185 L,

178 2200 297 2231 uectus
327 2200 401 2231 cod.
433 2200 586 2231 Venetus
676 2198 796 2240 puppis
826 2198 906 2237 GL2‚
936 2198 1040 2239 puppi
1068 2198 1104 2229 M
1136 2197 1210 2229 cod.
1236 2197 1401 2234 Venetus,
1430 2196 1570 2237 puppim
1599 2196 1625 2228 L

224 2253 266 2283 42
291 2250 438 2282 mutabit
464 2250 543 2289 GL²‚
571 2249 720 2282 mutauit
746 2250 809 2281 LM
898 2249 1008 2280 uentis
1033 2252 1183 2289 sequetur
1203 2248 1387 2289 fortunam,
1415 2247 1494 2278 uide
1520 2256 1563 2279 In
1591 2250 1650 2279 151
1680 2251 1716 2280 et

178 2301 223 2332 ad
242 2311 280 2332 1v
299 2303 363 2333 402
383 2302 554 2333 adnotata
645 2304 686 2334 43
704 2303 818 2333 totum
838 2300 903 2340 GL,
923 2300 1036 2332 nitum
1055 2299 1110 2331 uel
1128 2299 1241 2331 intum
1259 2299 1306 2338 M,
1326 2299 1391 2331 hoc
1411 2302 1463 2330 est
1482 2302 1600 2336 tutum,
1620 2299 1715 2340 quod

178 2353 285 2384 habet
307 2353 388 2384 Vrb.
413 2354 477 2384 668
567 2355 746 2384 transnare
768 2352 804 2383 M
825 2352 900 2383 cod.
924 2352 1088 2388 Venetus,
1110 2352 1205 2382 trans
1227 2359 1321 2382 mare
1343 2350 1408 2389 GL,
1431 2352 1568 2382 tranare
1589 2350 1629 2381 L2

225 2407 267 2437 44
284 2404 447 2436 classibus
466 2403 531 2443 GL,
549 2403 703 2436 clauibus
720 2404 756 2435 M
846 2403 986 2441 altum*,
1005 2402 1112 2434 alium
1130 2402 1208 2433 libri
1226 2404 1368 2443 propter
1387 2401 1482 2438 alios,
1500 2412 1715 2442 quamquam

178 2458 214 2486 et
232 2456 361 2497 passim
381 2456 464 2486 haec
485 2455 627 2486 confusa
647 2457 729 2486 sunt
749 2458 784 2486 et
804 2463 841 2485 IV
861 2456 935 2486 308.
984 2453 1060 2485 Val.
1081 2453 1132 2484 ΕΙ.
1153 2462 1196 2484 111
1216 2454 1276 2484 501
1299 2452 1461 2484 Phasidis
1479 2453 1550 2490 alti,
1571 2453 1714 2484 Theocr.

180 2515 250 2537 XIII
270 2508 312 2537 24
335 2509 438 2546 βαθὺν
466 2507 491 2537 δ’
517 2509 683 2546 εἰσέδραμε
705 2508 817 2537 Φᾶσιν.
865 2505 951 2536 alios
974 2515 1100 2536 menses
1123 2507 1215 2535 reete
1239 2504 1488 2545 interpretatus
1511 2506 1565 2535 est
1587 2504 1716 2535 Turne-

181 2557 244 2589 bus
274 2558 353 2589 adu.
386 2566 508 2588 XXVIII
537 2568 565 2588 c.
600 2559 639 2588 15
672 2557 841 2598 ‘regionis
871 2556 1045 2588 diuersam
1074 2556 1277 2597 temperiem
1307 2555 1552 2596 diuersumque
1582 2555 1715 2587 caelum

180 2634 186 2641 .
208 2634 214 2640 .
235 2633 241 2640 .
260 2620 342 2640 nam
366 2609 425 2650 qui
449 2619 582 2639 menses
606 2608 757 2639 aestuosi
780 2611 862 2638 sunt
884 2608 919 2638 in
943 2607 1119 2639 Thessalia
1142 2607 1200 2638 alii
1222 2610 1305 2638 sunt
1326 2607 1363 2637 in
1386 2606 1557 2643 Colchide,
1581 2617 1643 2638 nec
1666 2607 1718 2638 ita

178 2661 316 2692 seruent
343 2661 403 2691 sed
430 2659 553 2691 leuiter
580 2662 720 2690 tantum
748 2662 931 2700 tepescunt
947 2659 967 2695 ³,
996 2669 1210 2699 quamquam
1238 2658 1347 2699 magis
1375 2658 1419 2689 ad
1446 2668 1518 2689 rem
1545 2658 1717 2699 pertinere

180 2715 267 2754 puto
290 2711 384 2753 quod
407 2712 443 2742 in
467 2710 628 2742 Colchide
652 2711 785 2751 hiemps
808 2713 844 2741 et
866 2709 999 2751 longior
1022 2713 1058 2741 et
1079 2709 1235 2750 frigidior
1257 2712 1332 2740 est:
1370 2709 1461 2740 idem
1485 2712 1597 2746 sonat,
1622 2709 1716 2750 quod

181 2763 358 2796 Bentleius
384 2762 516 2799 attulit,
544 2761 619 2793 Val.
642 2760 692 2792 ΕΙ.
721 2770 760 2791 VI
782 2762 890 2793 323-5
915 2765 960 2798 tu,
988 2761 1047 2802 qui
1066 2760 1186 2802 faciles
1212 2760 1447 2801 hominumque
1470 2760 1600 2800 putasti
1620 2758 1625 2803 Ι
1645 2760 1716 2797 hag,

182 2815 318 2855 Arqive,
336 2815 458 2851 domos,
484 2814 521 2845 al
529 2814 610 2845 ium
634 2813 686 2845 hic
703 2813 803 2844 miser
819 2813 945 2852 aspicis
969 2823 1118 2844 annum
1147 2811 1151 2856 Ι
1179 2812 1385 2852 altricemque
1402 2812 1516 2843 niuem
1526 2811 1716 2852 festinaque
